@string{aa   ="Astron. Astrophys."}
@string{acp  ="Atmos. Chem. Phys."}
@string{adgeo="Adv. Geosciences"}
@string{adr  ="Adv. Space Res."}
@string{ae   ="Atmos. Environ."}
@string{afm  ="Agric. For. Meteorol."}
@string{ag   ="Ann. Geophys."}
@string{ajp  ="Aust. J. Phys."}
@string{ao   ="Appl. Opt."}
@string{ar   ="Atmos. Res."}
@string{asr  ="Adv. Space Res. Vol."}
@string{ast  ="Aerospace Sci. Tech."}
@string{bams ="Bull. Amer. Meteo. Soc."}
@string{blm  ="Bound.-Layer. Meteor."}
@string{bpa  ="Beitr. Phys. Atmos."}
@string{cc   ="Clim. Change"}
@string{cd   ="Climate Dyn."}
@string{cras ="C. R. Acad. Sci."}
@string{crte ="C. R. Geoscience"}
@string{gafd ="Geophys. Astrophys. Fluid Dyn."}
@string{gmd  ="Geosci. Model Dev."}
@string{grl  ="Geophys. Res. Lett."}
@string{hb   ="Houille Blanche - Revue internationale de l eau"}
@string{iamap="IAHS proceedings"}
@string{tgars ="IEEE Trans. Geosci. Remote Sensing"}
@string{ijc  ="Int. J. Climatol."}
@string{ijrs ="Int. J. Remote Sensing"}
@string{jam  ="J. Appl. Meteorol."}
@string{jamc ="J. Appl. Meteorol. Clim."}
@string{jaot ="J. Atmos. Ocean. Tech."}
@string{jas  ="J. Atmos. Sci."}
@string{jar  ="J. Atmos. Res."}
@string{jc   ="J. Climate"}
@string{jcam ="J. Climate. Appl. Meteorol."}
@string{jf   ="J. Forecasting"}
@string{jgr  ="J. Geophys. Res."}
@string{jh   ="J. Hydrol."}
@string{jhm  ="J. Hydrometeor."}
@string{jqsrt="J. Quant. Spectrosc. Radiat. Transfer"}
@string{jms  ="J. Meteor. Soc. Japan"}
@string{jpo  ="J. Phys. Oceanogr."}
@string{qj   ="Quart. J. Roy. Meteor. Soc."}
@string{lncs ="Lect. Notes Computer Sci."}
@string{ma   ="Meteorol. Applications"}
@string{map  ="Meteorol. Atmos. Phys."}
@string{mwr  ="Mon. Weather Rev."}
@string{nhess="Nat. Hazards Earth Syst. Sci."}
@string{oai  ="Ocean-Air Interactions"}
@string{rgsp ="Rev. Geophys. Space Phys."}
@string{tac  ="Theor. Appl. Climatol."}
@string{wf   ="Wea. Forecasting"}
@string{wrr  ="Water Resource Research"}

@article{Aouizerats2010,
author={Aouizerats, B. and Thouron, O. and Tulet, P. and Mallet, M. and Gomes, L. and Henzing, J. S.},
title={{Development of an online radiative module for the computation of aerosol optical properties in 3-D atmospheric models: validation during the EUCAARI campaign}},
journal=gmd,volume={3},pages={553--564},doi={10.5194/gmd-3-553-2010},year={2010}}

@article{Baran2014,
author={Baran, A. J. and Hill, P. and Furtado, K. and Field, P. and Manners, J.},
title={{A coupled cloud physics–radiation parameterization of the bulk optical properties of cirrus and its impact on the Met Office Unified Model Global Atmosphere 5.0 configuration}},
journal=jc,volume={27},number={20},pages={7725--7752},doi={10.1175/JCLI-D-13-00700.1},year={2014}}

@article{Clough1989,
author={Clough, S. A. and Kneizys, F. X. and Davies, R. W.},
title={{Line shape and the water vapor continuum}},
journal=ar,volume={23},pages={229--241},doi={10.1016/0169-8095(89)90020-3},year={1989}}

@article{Clough1992,
author={Clough, S. A. and Iacono,  M. J. and Moncet, J.-L.},
title={{Line-by-line calculations of atmospheric fluxes and cooling rates: Application to water vapor}},
journal=jgr,volume={97},number={D14},pages={15761--15786},doi={10.1029/92JD01419},year={1992}}

@article{Clough1995,
author={Clough, S. A. and Iacono, M. I.},
title={{Line-by-line calculation of atmospheric fluxes and cooling rates, 2. Application to carbon dioxide, ozone, methane, nitrous oxide and the halocarbons}},
journal=jgr,volume={100},number={D8},pages={16519--16536},doi={10.1029/95JD01386},year={1995}}

@article{Coakley1975,
author={Coakley, J. A. Jr. and Chylek, P.},
title={{The two-stream approximation in radiation transfer: Including the angle of the incident radiation}},
journal=jas,volume={32},pages={409--418},doi={10.1175/1520-0469(1975)032%3C0409:TTSAIR%3E2.0.CO;2},year={1975}}

@book{dAlmeida1991,
author={d'Almeida, G. A. and Koepke, P. and Shettle, E. P.},
title={{Atmospheric aerosols: Global climatology and Radiative characteristics}},
publisher={A. Deepak, Hampton, VA},year={1991}}

@techreport{Deschamps1983,
author={Deschamps, P.-Y. and Herman, M. and D. Tanr\'e, D.},
title={{Mod\'elisation du rayonnement solaire r\'efl\'echi par l'atmosph\`ere et la Terre, entre 0,35 et 4 microns}},
institution={Rapport ESA 4393/80/F/DD(SC)},pages={156},year={1983}}

@article{Ebert1992,
author={Ebert, E. E. and Curry, J. A.},
title={A parameterization of ice cloud optical properties for use in climate models},
journal=jgr,volume={97},number={D4},pages={3831--3836},doi={10.1029/91JD02472},year={1992}}

@article{Ebert1993,
author={Ebert, E. E. and Curry, J. A.},
title={An intermediate one-dimensional thermodynamic sea ice model for investigating ice-atmosphere interactions},
journal=jgr,volume={98},number={C6},pages={10085--10109},doi={10.1029/93JC00656},year={1993}}

@book{Elsasser1942,
author={Elsasser, W. M.},
title={{Heat Transfer by infrared Radiation in the Atmosphere}},
publisher={Harvard University Press},pages={43},year={1942}}

@article{Fortuin1994,
author={Fortuin, J. P. F. and Langematz, U.},
title={{An update on the global ozone climatology and on concurrent ozone and temperature trends}},
journal={Proceedings SPIE, Atmos. Sensing and Modeling},volume={2311},pages={207--216},year={1994}}

@article{Fouquart1974,
author={Fouquart, Y.},
title={{Utilisation des approximants de Pad\'e pour l'\'etude des largeurs \'equivalentes des raies form\'ees en atmosph\`ere diffusante}},
journal=bpa,volume={14},pages={497--506},year={1974}}

@article{Fouquart1980,
author={Fouquart, Y. and Bonnel, B.},
title={{Computations of solar heating of the Earth’s atmosphere: A new parametrization}},
journal=bpa,volume={53},pages={35--62},year={1980}}

@inproceedings{Fouquart1987,
author={Fouquart, Y.},
title={{Radiative transfer in climate modeling}},
booktitle={{NATO Advanced Study Institute on Physically-Based Modeling and Simulation of Climate and Climatic Changes}},
publisher={Erice, Sicily, 11-23 May 1986. M.E. Schlesinger, Ed.},pages={223--283},year={1987}}

@article{Fu1992,
author={Fu, Q. and Liou, K. N.},
title={{On the correlated k-distribution method for radiative transfer in non-homogeneous atmosphere}},
journal=jas,volume={49},pages={2139--2156},doi={10.1175/1520-0469(1992)049%3C2139:OTCDMF%3E2.0.CO;2},year={1992}}

@article{Fu1996,
author={Fu, Q.},
title={{On the correlated k-distribution method for radiative transfer in non-homogeneous atmosphere}},
journal=jc,volume={9},pages={2058--2082},doi={10.1175/1520-0442(1996)009%3C2058:AAPOTS%3E2.0.CO;2},year={1996}}

@article{Fu1998,
author={Fu, Q. and Yang, P. and Sun, W. B.},
title={{ An accurate parametrization of the infrared radiative properties of cirrus clouds of climate models}},
journal=jc,volume={11},pages={2223--2237},doi={10.1175/1520-0442(1998)011%3C2223:AAPOTI%3E2.0.CO;2},year={1998}}

@article{Geleyn1979,
author={Geleyn, J.-F. and Hollingsworth, A.},
title={{An economical analytical method for the computation of the interaction between scattering and line absorption of radiation}},
journal=bpa,volume={52},pages={1--16},year={1979}}

@article{Gregory2000,
author={Gregory, D. and Morcrette, J.-J. and Jakob, C. and Beljaars, A. M. and Stockdale, T.},
title={{Revision of convection, radiation and cloud schemes in the ECMWF model}},
journal=qj,volume={126},pages={1685--1710},doi={10.1002/qj.49712656607},year={2000}}

@article{Grini2006,
author={Grini, A. and Tulet, P. and Gomes, L.},
title={{Dusty weather forecasts using the MesoNH mesoscale atmospheric model}},
journal=jgr,volume={111},number={D19205},doi={10.1029/2005JD007007},year={2006}}

@article{Hogan2013,
author={Hogan, R. J. and Shonk, J. K. P.},
title={{Incorporating the effects of 3D radiative transfer in the presence of clouds into two-stream radiation schemes}},
journal=jas,volume={70},pages={708-–724},doi={10.1175/JAS-D-12-041.1},year={2013}}

@article{Hogan2016,
author={Hogan, R. J. and Schäfer, S. A. K. and Klinger, C. and Chiu, J. C. and Mayer, B.},
title={{Representing 3‐D cloud radiation effects in two‐stream schemes: 2. Matrix formulation and broadband evaluation}},
journal=jgr,volume={121},number={14},pages={8583--8599},doi={10.1002/2016JD024876},year={2016}}

@techreport{Hogan2016b,
author={Hogan, R. J. and Bozzo, A.},
title={{ECRAD: A new radiation scheme for the IFS}},
number={787},institution={ECMWF Technical Memorandum},year={2016}}

@article{Hogan2000,
author={Hogan, R. J. and Illingworth, A. J.},
title={{Deriving cloud overlap statistics from radar}},
journal=qj,volume={126},number={569},pages={2903--2909},doi={10.1002/qj.49712656914},year={2000}}

@article{Joseph1976,
author={Joseph, J. H. and Wiscombe, W. J. and Weinman, J. A.},
title={{The Delta-Eddington approximation for radiative flux transfer}},
journal=jas,volume={33},pages={2452--2459},doi={10.1175/1520-0469(1976)033%3C2452:TDEAFR%3E2.0.CO;2},year={1976}}

@article{Lacis1991,
author={Lacis, A. A. and Oinas, V.},
title={{A description of the correlated k distribution method for modeling nongray gaseous absorption, thermal emission, and multiple scattering in vertically inhomogeneous atmospheres}},
journal=jgr,volume={96},number={D5},pages={9027--9063},doi={10.1029/90JD01945},year={1991}}

@article{Lindner2000,
author={Lindner, T. H. and Li, J.},
title={{Parameterization of the optical properties for water clouds in the infrared}},
journal=jc,volume={13},pages={1797--1805},doi={10.1175/1520-0442(2000)013%3C1797:POTOPF%3E2.0.CO;2},year={2000}}

@techreport{Manners2015,
author={Manners, J.},
title={{Socrates technical guide suite of community radiative transfer codes based on Edwards and Slingo}},
institution={Met Office, FitzRoy Rd, Exeter EX1 3PB},year={2015}}

@article{Martin1994,
author={Martin, G. M. and Johnson, D. W. and Spice, A.},
title={{The measurement and parameterization of effective radius of droplets in warm stratocumulus}},
journal=jas,volume={51},pages={1823--1842},doi={10.1175/1520-0469(1994)051<1823:TMAPOE>2.0.CO;2},year={1994}}

@article{Maxwell-Garnett1904,
author={Maxwell-Garnett, J.},
title={{Colours in metal glasses and in metallic films}},
journal={Philos. T. Roy. Soc. A},volume={203},pages={385--420},year={1904}}

@article{Mie1908,
author={Mie, G.},
title={{Beitr\"age zur Optik tr\"uber Medien, speziell kolloidaler Metall\"osungen}},
journal={Ann. Phys.-Leipzig},volume={330},pages={377--445},year={1908}}

@article{Mlawer1997,
author={Mlawer, E. J. and Taubman, S. J. and Brown, P. D. and Iacono, M. J. and Clough, S. A.},
title={{Radiative transfer for inhomogeneous atmospheres: RRTM, a validated correlated‐k model for the longwave}},
journal=jgr,volume={102},number={D14},pages={16663--16682},doi={10.1029/97JD00237},year={1997}}

@article{Morcrette1985,
author={Morcrette, J.-J. and Fouquart, Y.},
title={{On systematic errors in parametrized calculations of longwave radiation transfer}},
journal=qj,volume={111},pages={691--708},doi={10.1002/qj.49711146903},year={1985}}

@article{Morcrette1986,
author={Morcrette, J.-J. and Smith, L. and Fouquart, Y.},
title={{Pressure and temperature dependence of the absorption in longwave radiation parametrizations}},
journal=bpa,volume={59},pages={455--469},year={1986}}

@article{Morcrette1991,
author={Morcrette, J.-J.},
title={{Radiation and cloud radiative properties in the European Centre for Medium Range Weather Forecasts forecasting system}},
journal=jgr,volume={96},pages={9121--9132},doi={10.1029/89JD01597},year={1991}}

@article{Morcrette2008,
author={Morcrette, J. J. and Barker, H. W. and Cole, J. N. S. and Iacono, M. J. and Pincus, R.},
title={{Impact of a new radiation package, McRad, in the ECMWF Integrated Forecasting System}},
journal=mwr,volume={136},number={12},pages={4773--4798},doi={10.1175/2008MWR2363.1},year={2008}}

@book{Paltridge1976,
author={Paltridge, G. W. and Platt, C. M. R.},
title={{Radiative Processes in Meteorology and Climatology}},
publisher={Elsevier},year={1976}}

@article{Pincus2003,
author={Pincus, R. and Barker, H. W. and Morcrette, J. J.},
title={{A fast, flexible, approximate technique for computing radiative transfer in inhomogeneous cloud fields}},
journal=jgr,volume={108},number={D13},pages={7725--7752},doi={10.1029/2002JD003322},year={2003}}

@article{Rodgers1966,
author={Rodgers, C. D. and Walshaw, C. D.},
title={{The computation of infrared cooling rate in planetary atmospheres}},
journal=qj,volume={92},pages={67--92},doi={10.1002/qj.49709239107},year={1966}}

@techreport{Rodgers1967,
author={Rodgers, C. D.},
title={{The radiative Heat Budget of the troposphere and lower stratosphere}},
institution={A2, Planetary Circulation Project, Dept. of Meteorology, Mass. Instit. Technology, Cambridge, Mass.},
number={12},pages={99},year={1967}}

@article{Savijarvi1997,
author={Savijarvi, H. and Raisanen, P.},
title={{Long-wave optical properties of water clouds and rain}},
journal={Tellus},volume={50},number={1},pages={1--11},doi={10.1034/j.1600-0870.1998.00001.x},year={1997}}

@article{Schaefer2016,
author={Schäfer, S. A. K. and Hogan, R. J. and Klinger, C. and Chiu, J. C. and Mayer, B.},
title={{Representing 3‐D cloud radiation effects in two‐stream schemes: 1. Longwave considerations and effective cloud edge length}},
journal=jgr,volume={121},number={14},pages={8567--8582},doi={10.1002/2016JD024876},year={2016}}

@article{Shettle1970,
author={Shettle, E. P. and Weinman,  J. A.},
title={{The transfer of solar irradiance through inhomogeneous turbid atmospheres evaluated by Eddington's approximation}},
journal=jas,volume={27},pages={1048--1055},doi={10.1175/1520-0469(1970)027%3C1048:TTOSIT%3E2.0.CO;2},year={1970}}

@article{Shonk2008,
author={Shonk, J. K. P. and Hogan, R. J.},
title={{Tripleclouds: An Efficient Method for Representing Horizontal Cloud Inhomogeneity in 1D Radiation Schemes by Using Three Regions at Each Height}},
journal=jc,volume={21},pages={2352--2370},doi={10.1175/2007JCLI1940.1},year={2008}}

@article{Slingo1989,
author={Slingo, A.},
title={{A GCM parameterization for the shortwave radiative properties of water clouds}},
journal=jas,volume={46},pages={1419--1427},doi={10.1175/1520-0469(1989)046%3C1419:AGPFTS%3E2.0.CO;2},year={1989}}

@article{Smith1992,
author={Smith, E. A. and Shi, L.},
title={{Surface forcing of the infrared cooling profile over the Tibetan plateau. Part I: influence of relative longwave radiative heating at high altitude}},
journal=jas,volume={49},pages={805--822},doi={10.1175/1520-0469(1992)049%3C0805:SFOTIC%3E2.0.CO;2},year={1992}}

@article{Sun1999,
author={Sun, Z. and Rikus, L.},
title={{Parametrization of effective sizes of cirrus‐cloud particles and its verification against observations}},
journal=qj,volume={125},number={560},pages={3037--3055},doi={10.1002/qj.49712556012},year={1999}}

@article{Sun2001,
author={Sun, Z.},
title={{Reply to comments by Greg M. McFarquhar on ‘Parametrization of effective sizes of cirrus‐cloud particles and its verification against observations’.(October B, 1999, 125, 3037–3055)}},
journal=qj,volume={127},number={571},pages={267--271},doi={10.1002/qj.49712757116},year={2001}}

@inproceedings{Tanre1984,
author={Tanr\'e, D. and Geleyn, J.-F. and Slingo, J.},
title={{First results of the introduction of an advanced aerosol-radiation interaction in the ECMWF low resolution global model}},
booktitle={{Aerosols and their Climatic Effects}},
publisher={H. E. Gerber and A. Deepak, Eds., A. Deepak Publishing, Hampton, VA},pages={133--177},year={1984}}

@article{Tegen1997,
author={Tegen, I and Hoorig, P. and Chin, M. and Fung, I. and Jacob, D. and Penner, J.},
title={{Contribution of different aerosol species to the global aerosol extinction optical thickness: Estimates from model results}},
journal=jgr,volume={102},number={D20},pages={23895--23915},doi={10.1029/97JD01864},year={1997}}

@article{Tiedtke1996,
author={Tiedtke, M.},
title={{An Extension of Cloud-Radiation Parameterization in the ECMWF Model: The Representation of Subgrid-Scale Variations of Optical Depth)}},
journal=mwr,volume={124},pages={745--750},doi={10.1175/1520-0493(1996)124%3C0745:AEOCRP%3E2.0.CO;2},year={1996}}

@article{Tombette2008,
author={Tombette, M. and Chazette, P. and Sportisse, B. and Roustan, Y.},
title={{Simulation of aerosol optical properties over Europe with a 3-D size resolved aerosol model: comparisons with AERONET data}},
journal=acp,volume={8},pages={7115--7132},doi={10.5194/acp-8-7115-2008},year={2008}}

@inproceedings{Washington1977,
author={Washington, W. M. and Williamson,  D. L.},
title={{A description of the NCAR GCMs}},
booktitle={{General Circulation Models of the Atmosphere}},
publisher={J. Chang, Ed., Methods in Computational Physics, vol. 17, Academic Press},pages={111--172},year={1977}}
