@string{aa   ="Astron. Astrophys."}
@string{acp  ="Atmos. Chem. Phys."}
@string{adgeo="Adv. Geosciences"}
@string{adr  ="Adv. Space Res."}
@string{ae   ="Atmos. Environ."}
@string{afm  ="Agric. For. Meteorol."}
@string{ag   ="Ann. Geophys."}
@string{ajp  ="Aust. J. Phys."}
@string{ao   ="Appl. Opt."}
@string{ar   ="Atmos. Res."}
@string{asr  ="Adv. Space Res. Vol."}
@string{ast  ="Aerospace Sci. Tech."}
@string{bams ="Bull. Amer. Meteo. Soc."}
@string{blm  ="Bound.-Layer. Meteor."}
@string{bpa  ="Beitr. Phys. Atmos."}
@string{cc   ="Clim. Change"}
@string{cd   ="Climate Dyn."}
@string{cras ="C. R. Acad. Sci."}
@string{crte ="C. R. Geoscience"}
@string{gafd ="Geophys. Astrophys. Fluid Dyn."}
@string{grl  ="Geophys. Res. Lett."}
@string{hb   ="Houille Blanche - Revue internationale de l eau"}
@string{iamap="IAHS proceedings"}
@string{tgars ="IEEE Trans. Geosci. Remote Sensing"}
@string{ijc  ="Int. J. Climatol."}
@string{ijrs ="Int. J. Remote Sensing"}
@string{jam  ="J. Appl. Meteorol."}
@string{jamc ="J. Appl. Meteorol. Clim."}
@string{jaot ="J. Atmos. Ocean. Tech."}
@string{jas  ="J. Atmos. Sci."}
@string{jar  ="J. Atmos. Res."}
@string{jc   ="J. Climate"}
@string{jcam ="J. Climate. Appl. Meteorol."}
@string{jf   ="J. Forecasting"}
@string{jgr  ="J. Geophys. Res."}
@string{jh   ="J. Hydrol."}
@string{jhm  ="J. Hydrometeor."}
@string{jqsrt="J. Quant. Spectrosc. Radiat. Transfer"}
@string{jms  ="J. Meteor. Soc. Japan"}
@string{jpo  ="J. Phys. Oceanogr."}
@string{qj   ="Quart. J. Roy. Meteor. Soc."}
@string{lncs ="Lect. Notes Computer Sci."}
@string{ma   ="Meteorol. Applications"}
@string{map  ="Meteorol. Atmos. Phys."}
@string{mwr  ="Mon. Weather Rev."}
@string{nhess="Nat. Hazards Earth Syst. Sci."}
@string{oai  ="Ocean-Air Interactions"}
@string{rgsp ="Rev. Geophys. Space Phys."}
@string{tac  ="Theor. Appl. Climatol."}
@string{wf   ="Wea. Forecasting"}
@string{wrr  ="Water Resource Research"}


@article{porte2020wind,
  title={Wind-turbine and wind-farm flows: a review},
  author={Port{\'e}-Agel, Fernando and Bastankhah, Majid and Shamsoddin, Sina},
  journal={Boundary-Layer Meteorology},
  volume={174},
  number={1},
  pages={1--59},
  year={2020},
  publisher={Springer}
}


%********
% ADNR
%********

@article{rankine1865mechanical,
  title={On the mechanical principles of the action of propellers},
  author={Rankine, WJ},
  journal={Trans. Inst. Naval Architects},
  volume={6},
  pages={13--39},
  year={1865}
}

@article{froude1889part,
  title={On the part played in propulsion by differences of fluid pressure},
  author={Froude, Robert Edmund},
  journal={Trans. Inst. Naval Architects},
  volume={30},
  pages={390},
  year={1889}
}

@article{sorensen1992unsteady,
  title={Unsteady actuator disc model for horizontal axis wind turbines},
  author={S{\O}rensen, Jens N and Myken, Asger},
  journal={Journal of Wind Engineering and Industrial Aerodynamics},
  volume={39},
  number={1-3},
  pages={139--149},
  year={1992},
  publisher={Elsevier}
}

@article{jimenez2007advances,
  title={Advances in large-eddy simulation of a wind turbine wake},
  author={Jimenez, A and Crespo, Antonio and Migoya, Emilio and Garc{\'\i}a, Javier},
  journal={Journal of Physics: Conference Series},
  volume={75},
  number={1},
  pages={012--041},
  year={2007},
  publisher={IOP Publishing}
}

@article{jimenez2008large,
  title={Large-eddy simulation of spectral coherence in a wind turbine wake},
  author={Jimenez, A and Crespo, Antonio and Migoya, Emilio and Garc{\'\i}a, Javier},
  journal={Environmental Research Letters},
  volume={3},
  number={1},
  pages={015004},
  year={2008},
  publisher={IOP Publishing}
}

@article{wu2011large,
  title={Large-eddy simulation of wind-turbine wakes: evaluation of turbine parametrisations},
  author={Wu, Yu-Ting and Port{\'e}-Agel, Fernando},
  journal={Boundary-layer meteorology},
  volume={138},
  number={3},
  pages={345--366},
  year={2011},
  publisher={Springer}
}

@article{wu2015modeling,
  title={Modeling turbine wakes and power losses within a wind farm using LES: An application to the Horns Rev offshore wind farm},
  author={Wu, Yu-Ting and Port{\'e}-Agel, Fernando},
  journal={Renewable Energy},
  volume={75},
  pages={945--955},
  year={2015},
  publisher={Elsevier}
}

@article{shamsoddin2017large,
  title={Large-eddy simulation of atmospheric boundary-layer flow through a wind farm sited on topography},
  author={Shamsoddin, Sina and Port{\'e}-Agel, Fernando},
  journal={Boundary-Layer Meteorology},
  volume={163},
  number={1},
  pages={1--17},
  year={2017},
  publisher={Springer}
}

@article{calaf2010large,
  title={Large eddy simulation study of fully developed wind-turbine array boundary layers},
  author={Calaf, Marc and Meneveau, Charles and Meyers, Johan},
  journal={Physics of fluids},
  volume={22},
  number={1},
  pages={015110},
  year={2010},
  publisher={AIP}
}

@article{calaf2011large,
  title={Large eddy simulation study of scalar transport in fully developed wind-turbine array boundary layers},
  author={Calaf, Marc and Parlange, Marc B and Meneveau, Charles},
  journal={Physics of Fluids},
  volume={23},
  number={12},
  pages={126603},
  year={2011},
  publisher={AIP}
}

@article{gomez2005anisotropy,
  title={Anisotropy of turbulence in wind turbine wakes},
  author={G{\'o}mez-Elvira, Rafael and Crespo, Antonio and Migoya, Emilio and Manuel, Fernando and Hern{\'a}ndez, Julio},
  journal={Journal of wind engineering and industrial aerodynamics},
  volume={93},
  number={10},
  pages={797--814},
  year={2005},
  publisher={Elsevier}
}


@article{gal1975use,
  title={On the use of a coordinate transformation for the solution of the Navier-Stokes equations},
  author={Gal-Chen, Tzvi and Somerville, Richard CJ},
  journal={Journal of Computational Physics},
  volume={17},
  number={2},
  pages={209--228},
  year={1975},
  publisher={Elsevier}
}

@book{burton2001wind,
  title={Wind energy handbook},
  author={Burton, Tony and Sharpe, David and Jenkins, Nick and Bossanyi, Ervin},
  year={2001},
  publisher={John Wiley \& Sons}
}

@techreport{TheoGuideBlondel2016,
       author = "F. Blondel, G. Ferrer, D. Teixera",
       title = "Note technique interne au Département de Mécanique des Fluides IFPEn",
       year = "2016",
       institution = "IFP Energies nouvelles"
}

@phdthesis{joulin2019modelisation,
  title={Mod{\'e}lisation {\`a} fine {\'e}chelle des interactions entre parcs {\'e}oliens et m{\'e}t{\'e}orologie locale},
  author={Joulin, Pierre-Antoine},
  year={2019},
  school = {SDU2E - INPT}
}

%********
% ALM
%********


@article{sorensen2002numerical,
  title={Numerical modeling of wind turbine wakes},
  author={S{\O}rensen, Jens N{\o}rk{\ae}r and Shen, Wen Zhong},
  journal={Journal of fluids engineering},
  volume={124},
  number={2},
  pages={393--399},
  year={2002},
  publisher={American Society of Mechanical Engineers}
}

@phdthesis{mikkelsen2003actuator,
  title={Actuator disc methods applied to wind turbines. Technical University of Denmark},
  author={Mikkelsen, Robert},
  year={2003},
  school={PhD Thesis}
}

@incollection{ivanell2007numerical,
  title={Numerical computations of wind turbine wakes},
  author={Ivanell, Stefan and S{\O}rensen, Jens N and Henningson, Dan},
  booktitle={Wind Energy},
  pages={259--263},
  year={2007},
  publisher={Springer}
}


@article{ivanell2007numericalv,
  title={Numerical analysis of the tip and root vortex position in the wake of a wind turbine},
  author={Ivanell, Stefan and S{\O}rensen, Jens N{\o}rk{\ae}r and Mikkelsen, R and Henningson, Dan},
  journal={Journal of Physics: Conference Series},
  volume={75},
  number={1},
  pages={012--035},
  year={2007},
  publisher={IOP Publishing}
}

@phdthesis{Ivanell2009,
   author = {Ivanell, Stefan S. A.},
   institution = {KTH, Mechanics, Linné Flow Center, FLOW},
   note = {QC 20100720},
   pages = {xx, 77},
   publisher = {KTH},
   school = {KTH, Mechanics, Linné Flow Center, FLOW},
   title = {Numerical computations of wind turbine wakes},
   series = {Trita-MEK},
   ISSN = {0348-467X},
   number = {2009:01},
   keywords = {Actuator Line Model, Actuator Disc Model, Wind Turbine Wake, CFD, LES, EllipSys3D},
   ISBN = {978-91-7415-216-6},
   year = {2009}
}

@phdthesis{Troldborg2009,
title = "Actuator Line Modeling of Wind Turbine Wakes",
author = "Niels Troldborg",
year = "2009",
month = "1",
isbn = "978-87-89502-80-9",
school = "DTU"
}

@article{porte2011large,
  title={Large-eddy simulation of atmospheric boundary layer flow through wind turbines and wind farms},
  author={Port{\'e}-Agel, Fernando and Wu, Yu-Ting and Lu, Hao and Conzemius, Robert J},
  journal={Journal of Wind Engineering and Industrial Aerodynamics},
  volume={99},
  number={4},
  pages={154--168},
  year={2011},
  publisher={Elsevier}
}

@article{tabib2017near,
  title={Near wake region of an industrial scale wind turbine: comparing LES-ALM with LES-SMI simulations using data mining (POD)},
  author={Tabib, Mandar and Siddiqui, M Salman and Fonn, Eivind and Rasheed, Adil and Kvamsdal, Trond},
  journal={Journal of Physics: Conference Series},
  volume={854},
  number={1},
  pages={012--044},
  year={2017},
  publisher={IOP Publishing}
}

@article{lu2011large,
  title={Large-eddy simulation of a very large wind farm in a stable atmospheric boundary layer},
  author={Lu, Hao and Port{\'e}-Agel, Fernando},
  journal={Physics of Fluids},
  volume={23},
  number={6},
  pages={065101},
  year={2011},
  publisher={AIP}
}

@article{lu2015impact,
  title={On the impact of wind farms on a convective atmospheric boundary layer},
  author={Lu, Hao and Port{\'e}-Agel, Fernando},
  journal={Boundary-layer meteorology},
  volume={157},
  number={1},
  pages={81--96},
  year={2015},
  publisher={Springer}
}

@book{marjanovic2015simulation,
  title={Simulation of the Atmospheric Boundary Layer for Wind Energy Applications},
  author={Marjanovic, Nikola},
  year={2015},
  publisher={University of California, Berkeley}
}

@article{marjanovic2017implementation,
author = {Marjanovic,Nikola  and Mirocha,Jeffrey D.  and Kosović,Branko  and Lundquist,Julie K.  and Chow,Fotini Katopodes },
title = {Implementation of a generalized actuator line model for wind turbine parameterization in the Weather Research and Forecasting model},
journal = {Journal of Renewable and Sustainable Energy},
volume = {9},
number = {6},
pages = {063308},
year = {2017},
doi = {10.1063/1.4989443},
URL = {https://doi.org/10.1063/1.4989443},
eprint = {https://doi.org/10.1063/1.4989443}
}

@inproceedings{Churchfield2012,
  title={A large-eddy simulation of wind-plant aerodynamics},
  author={Churchfield, Matthew and Lee, Sang and Moriarty, Patrick and Martinez, Luis and Leonardi, Stefano and Vijayakumar, Ganesh and Brasseur, James},
  booktitle={50th AIAA Aerospace Sciences Meeting including the New Horizons Forum and Aerospace Exposition},
  pages={537},
  year={2012}
}

@inproceedings{churchfield2017advanced,
  title={An advanced actuator line method for wind energy applications and beyond},
  author={Churchfield, Matthew J and Schreck, Scott J and Martinez, Luis A and Meneveau, Charles and Spalart, Philippe R},
  booktitle={35th Wind Energy Symposium},
  pages={1998},
  year={2017}
}

@incollection{glauert1935airplane,
  title={Airplane propellers},
  author={Glauert, Hermann},
  booktitle={Aerodynamic theory},
  pages={169--360},
  year={1935},
  publisher={Springer}
}

@article{shen2005tip,
  title={Tip loss correction for actuator/Navier--Stokes computations},
  author={Shen, Wen Zhong and S{\O}rensen, Jens N{\o}rk{\ae}r and Mikkelsen, Robert},
  journal={Journal of Solar Energy Engineering},
  volume={127},
  number={2},
  pages={209--213},
  year={2005},
  publisher={American Society of Mechanical Engineers}
}


@article{breton2008study,
  title={A study on rotational effects and different stall delay models using a prescribed wake vortex scheme and NREL phase VI experiment data},
  author={Breton, Simon-Philippe and Coton, Frank N and Moe, Geir},
  journal={Wind Energy: An International Journal for Progress and Applications in Wind Power Conversion Technology},
  volume={11},
  number={5},
  pages={459--482},
  year={2008},
  publisher={Wiley Online Library}
}

@article{meyer2019vortex,
  title={A vortex-based tip/smearing correction for the actuator line},
  author={Meyer Forsting, Alexander R and Pirrung, Georg Raimund and Ramos-Garc{\'\i}a, N{\'e}stor},
  journal={Wind Energy Science},
  volume={4},
  number={2},
  pages={369--383},
  year={2019},
  publisher={Copernicus GmbH}
}

@article{Storey2015,
author = {Storey, R. C. and Norris, S. E. and Cater, J. E.},
title = {An actuator sector method for efficient transient wind turbine simulation},
journal = {Wind Energy},
volume = {18},
number = {4},
pages = {699-711},
keywords = {actuator sector, wind turbines, LES, wakes},
doi = {10.1002/we.1722},
url = {https://onlinelibrary.wiley.com/doi/abs/10.1002/we.1722},
eprint = {https://onlinelibrary.wiley.com/doi/pdf/10.1002/we.1722},
year = {2015}
}

@Article{Lac2018,
AUTHOR = {Lac, C. and Chaboureau, J.-P. and Masson, V. and Pinty, J.-P. and Tulet, P. and Escobar, J. and Leriche, M. and Barthe, C. and Aouizerats, B. and Augros, C. and Aumond, P. and Auguste, F. and Bechtold, P. and Berthet, S. and Bielli, S. and Bosseur, F. and Caumont, O. and Cohard, J.-M. and Colin, J. and Couvreux, F. and Cuxart, J. and Delautier, G. and Dauhut, T. and Ducrocq, V. and Filippi, J.-B. and Gazen, D. and Geoffroy, O. and Gheusi, F. and Honnert, R. and Lafore, J.-P. and Lebeaupin Brossier, C. and Libois, Q. and Lunet, T. and Mari, C. and Maric, T. and Mascart, P. and Mog\'e, M. and Molini\'e, G. and Nuissier, O. and Pantillon, F. and Peyrill\'e, P. and Pergaud, J. and Perraud, E. and Pianezze, J. and Redelsperger, J.-L. and Ricard, D. and Richard, E. and Riette, S. and Rodier, Q. and Schoetter, R. and Seyfried, L. and Stein, J. and Suhre, K. and Taufour, M. and Thouron, O. and Turner, S. and Verrelle, A. and Vi\'e, B. and Visentin, F. and Vionnet, V. and Wautelet, P.},
TITLE = {Overview of the Meso-NH model version 5.4 and its applications},
JOURNAL = {Geoscientific Model Development},
VOLUME = {11},
YEAR = {2018},
NUMBER = {5},
PAGES = {1929--1969},
URL = {https://www.geosci-model-dev.net/11/1929/2018/},
DOI = {10.5194/gmd-11-1929-2018}
}

@article{joulin2020theactuator,
AUTHOR={Joulin, Pierre-Antoine and Mayol, Maria Laura and Masson, Valéry and Blondel, Frédéric and Rodier, Quentin and Cathelain, Marie and Lac, Christine},
TITLE={The Actuator Line Method in the Meteorological LES Model Meso-NH to Analyze the Horns Rev 1 Wind Farm Photo Case},
JOURNAL={Frontiers in Earth Science},
VOLUME={7},
PAGES={350},
YEAR={2020},
URL={https://www.frontiersin.org/article/10.3389/feart.2019.00350},
DOI={10.3389/feart.2019.00350},
ISSN={2296-6463},
ABSTRACT={The offshore wind market is expected to see massive growth worldwide in the next decade. Recent research in this sector has led to a new generation of wind turbines characterized by larger rotors and higher capacity factors. Furthermore, the trend is to develop larger and denser wind farms which leads to potential deeper interactions with the troposphere. In order to provide an accurate modeling of the processes between the wind turbines, the surface and the atmospheric boundary layer, a new numerical tool has been developed. The ALM has been implemented into the opensource non-hydrostatic mesoscale atmospheric model Meso-NH used in the Large-Eddy Simulation (LES) framework. First, the tool is validated by comparing simulated results with data acquired during the New MEXICO experiments. In particular, good correlation are obtained for normal and tangential loads along the blades and the axial PIV traverse of instantaneous wind velocity components. Once the tool is validated, its ability to reproduce the Horns Rev 1 photo case is evaluated, since it is an emblematic case of wind farm-atmosphere interaction. Simulation output are post-processed using a render algorithm, resulting in synthetic images of cloud radiance. These images show great similarity with the photographs taken. All the results highlight the capacity of this new tool to represent interactions between wind farms and the lower atmosphere with a high level of details.}
}

@article{jha2014guidelines,
  title={Guidelines for volume force distributions within actuator line modeling of wind turbines on large-eddy simulation-type grids},
  author={Jha, Pankaj K and Churchfield, Matthew J and Moriarty, Patrick J and Schmitz, Sven},
  journal={Journal of Solar Energy Engineering},
  volume={136},
  number={3},
  year={2014},
  publisher={American Society of Mechanical Engineers Digital Collection}
}
