@article{Balbi2009,
author = {Balbi, J. H. and Morandini, F. and Silvani, X. and Filippi, J. B. and Rinieri, F.},
doi = {10.1016/j.combustflame.2009.07.010},
journal = {Combustion and Flame},
title = {{A physical model for wildland fires}},
year = {2009},
volume = "156",
number = "12",
pages = "2217--2230",
}
@article{costes2021subgrid,
  title={Subgrid-scale fire front reconstruction for ensemble coupled atmosphere-fire simulations of the FireFlux I experiment},
  author={Costes, Aur{\'e}lien and Rochoux, M{\'e}lanie C and Lac, Christine and Masson, Val{\'e}ry},
  journal={Fire Safety Journal},
  volume={126},
  pages={103475},
  year={2021},
  publisher={Elsevier}
}
@article{Santoni2011,
author = {Santoni, P.-A. and Filippi, J.-B. and Balbi, J.-H. and Bosseur, F},
doi = {10.1155/2011/613424},
journal = {Journal of Combustion},
pages = {ID613424},
title = {{Wildland fire behaviour case studies and fuel models for landscape-scale fire modeling}},
volume = {2011},
year = {2011}
}