@Article{Berry1974,
  Title                    = {{An analysis of cloud drop growth by collection Part II. Single initial distributions}},
  Author                   = {Berry, Edwin X and Reinhardt, Richard L},
  Journal                  = {Journal of the Atmospheric Sciences},
  Year                     = {1974},
  Number                   = {7},
  Pages                    = {1825--1831},
  Volume                   = {31},
}

@PhdThesis{Berthet2010these,
  Title                    = {{Développement d'un nouveau schéma de physique des nuages dans le modèle de méso-échelle MesoNH pour l'étude des interactions aérosol-nuage}},
  Author                   = {Berthet, S.},
  School                   = {UT3 Paul Sabatier},
  Year                     = {2010},
}

@Article{Bohm1989,
  Title                    = {A General Equation for the Terminal Fall Speed of Solid Hydrometeors},
  Author                   = {Böhm, Hannes P.},
  Journal                  = {Journal of the Atmospheric Sciences},
  Year                     = {1989},

  Month                    = {Aug},
  Number                   = {15},
  Pages                    = {2419–2427},
  Volume                   = {46},
  Doi                      = {10.1175/1520-0469(1989)046<2419:ageftt>2.0.co;2},
}

@PhdThesis{Caniaux1993,
  author    = {Caniaux, G.},
  title     = {Paramétrisation de la glace dans un modèle non-hydrostatique de nuage : Application à une ligne de grain tropicale.},
  school    = {Université Paul Sabatier},
  year      = {1993},
}

@Article{Cohard2000c2r2,
  Title                    = {{A comprehensive two-moment warm microphysical bulk scheme. I: Description and tests}},
  Author                   = {Cohard, Jean-Martial and Pinty, Jean-Pierre},
  Journal                  = {Quarterly Journal of the Royal Meteorological Society},
  Year                     = {2000},
  Number                   = {566},
  Pages                    = {1815--1842},
  Volume                   = {126},
}

@Article{Cohard2000c2r2test,
  Title                    = {{A comprehensive two-moment warm microphysical bulk scheme. II: 2D experiments with a non-hydrostatic model}},
  Author                   = {Cohard, Jean-Martial and Pinty, Jean-Pierre},
  Journal                  = {Quarterly Journal of the Royal Meteorological Society},
  Year                     = {2000},
  Number                   = {566},
  Pages                    = {1843--1859},
  Volume                   = {126},
}

@Article{Cohard1998,
  Title                    = {{Extending Twomey's analytical estimate of nucleated cloud droplet concentrations from CCN spectra}},
  Author                   = {Cohard, Jean-Martial and Pinty, Jean-Pierre and Bedos, Carole},
  Journal                  = {Journal of the atmospheric sciences},
  Year                     = {1998},
  Number                   = {22},
  Pages                    = {3348--3357},
  Volume                   = {55},
}

@Article{Cohard2000spectre,
  Title                    = {On the parameterization of activation spectra from cloud condensation nuclei microphysical properties},
  Author                   = {Cohard, Jean-Martial and Pinty, Jean-Pierre and Suhre, Karsten},
  Journal                  = {Journal of Geophysical Research: Atmospheres (1984--2012)},
  Year                     = {2000},
  Number                   = {D9},
  Pages                    = {11753--11766},
  Volume                   = {105},
}

@Article{Cunningham1910,
  Title                    = {On the Velocity of Steady Fall of Spherical Particles through Fluid Medium},
  Author                   = {Cunningham, E.},
  Journal                  = {Proceedings of the Royal Society A: Mathematical, Physical and Engineering Sciences},
  Year                     = {1910},

  Month                    = {Mar},
  Number                   = {563},
  Pages                    = {357–365},
  Volume                   = {83},

  Doi                      = {10.1098/rspa.1910.0024},
  ISSN                     = {1471-2946},
  Publisher                = {The Royal Society},
}

@Article{DeMott1994,
  Title                    = {Parameterization and Impact of Ice initiation Processes Relevant to Numerical Model Simulations of Cirrus Clouds},
  Author                   = {DeMott, Paul J. and Meyers, Michael P. and Cotton, William R.},
  Journal                  = {Journal of the Atmospheric Sciences},
  Year                     = {1994},

  Month                    = {Jan},
  Number                   = {1},
  Pages                    = {77–90},
  Volume                   = {51},

  Doi                      = {10.1175/1520-0469(1994)051<0077:paioii>2.0.co;2},
  ISSN                     = {1520-0469},
  Publisher                = {American Meteorological Society},
}

@PhdThesis{Eadie1971,
  Title                    = {A molecular theory of the homogeneous nucleation of ice from supercooled water},
  Author                   = {Eadie, W. J.},
  School                   = {University of Chicago, Cloud Physics Lab.},
  Year                     = {1971},
}

@Article{Foote1969,
  Title                    = {Terminal Velocity of Raindrops Aloft},
  Author                   = {Foote, G. B. and Du Toit, P. S.},
  Journal                  = {Journal of Applied Meteorology},
  Year                     = {1969},

  Month                    = {Apr},
  Number                   = {2},
  Pages                    = {249–253},
  Volume                   = {8},
  Doi                      = {10.1175/1520-0450(1969)008<0249:tvora>2.0.co;2},
  ISSN                     = {0021-8952},
}

@Article{Fouquart1980,
  Title                    = {Computations of solar heating of the earth's atmosphere- A new parameterization},
  Author                   = {Fouquart, Y and Bonnel, B},
  Journal                  = {Beitraege zur Physik der Atmosphaere},
  Year                     = {1980},
  Pages                    = {35--62},
  Volume                   = {53},
}

@Article{Gilmore2008,
  Title                    = {{The Berry and Reinhardt autoconversion parameterization: A digest}},
  Author                   = {Gilmore, Matthew S and Straka, Jerry M},
  Journal                  = {Journal of Applied Meteorology and Climatology},
  Year                     = {2008},
  Number                   = {2},
  Pages                    = {375--396},
  Volume                   = {47},
}

@Book{Gradshteyn1965,
  Title                    = {Table of Integrals, Series and Products},
  Author                   = {Gradshteyn, I. S. and Ryzhik, I. M.},
  Publisher                = {Academic Press},
  Year                     = {1965},
}

@Article{Harrington1995,
  Title                    = {Parameterization of Ice Crystal Conversion Processes Due to Vapor Deposition for Mesoscale Models Using Double-Moment Basis Functions. Part I: Basic Formulation and Parcel Model Results},
  Author                   = {Harrington, Jerry Y. and Meyers, Michael P. and Walko, Robert L. and Cotton, William R.},
  Journal                  = {J. Atmos. Sci.},
  Year                     = {1995},

  Month                    = dec,
  Number                   = {23},
  Pages                    = {4344--4366},
  Volume                   = {52},

  Booktitle                = {Journal of the Atmospheric Sciences},
  Doi                      = {10.1175/1520-0469(1995)052<4344:POICCP>2.0.CO;2},
}

@Article{Heymsfield1972,
  Title                    = {Ice Crystal Terminal Velocities},
  Author                   = {Heymsfield, Andrew},
  Journal                  = {Journal of the Atmospheric Sciences},
  Year                     = {1972},

  Month                    = {Oct},
  Number                   = {7},
  Pages                    = {1348–1357},
  Volume                   = {29},
  Doi                      = {10.1175/1520-0469(1972)029<1348:ictv>2.0.co;2},
}

@Article{Heymsfield1993,
  Title                    = {Homogeneous Ice Nucleation and Supercooled Liquid Water in Orographic Wave Clouds},
  Author                   = {Heymsfield, Andrew J. and Miloshevich, Larry M.},
  Journal                  = {Journal of the Atmospheric Sciences},
  Year                     = {1993},

  Month                    = {Aug},
  Number                   = {15},
  Pages                    = {2335–2353},
  Volume                   = {50},

  Doi                      = {10.1175/1520-0469(1993)050<2335:hinasl>2.0.co;2},
}

@Article{Karcher2002,
  Title                    = {A parameterization of cirrus cloud formation: Homogeneous freezing of supercooled aerosols},
  Author                   = {K{\"a}rcher, B. and Lohmann, U.},
  Journal                  = {Journal of Geophysical Research: Atmospheres},
  Year                     = {2002},
  Number                   = {D2},
  Volume                   = {107},
}

@Article{Khairoutdinov2000,
  Title                    = {A new cloud physics parameterization in a large-eddy simulation model of marine stratocumulus},
  Author                   = {Khairoutdinov, Marat and Kogan, Yefim},
  Journal                  = {Monthly weather review},
  Year                     = {2000},
  Number                   = {1},
  Pages                    = {229--243},
  Volume                   = {128},
}

@Article{Langlois1973,
  Title                    = {A rapidly convergent procedure for computing large-scale condensation in a dynamical weather model},
  Author                   = {Langlois, W. E.},
  Journal                  = {Tellus},
  Year                     = {1973},

  Month                    = {Feb},
  Number                   = {1},
  Pages                    = {86–87},
  Volume                   = {25},

  Doi                      = {10.1111/j.2153-3490.1973.tb01598.x},
}

@Book{List1958,
  Title                    = {Smithsonian Meteorological Tables},
  Author                   = {List, R. J.},
  Publisher                = {Smithsonian Institution},
  Year                     = {1958},
}

@Article{Liu1969,
  Title                    = {Numerical Modeling of Precipitation and Cloud Shadow Effects on Mountain-Induced Cumuli},
  Author                   = {Liu, J. Y. and Orville, H. D.},
  Journal                  = {Journal of the Atmospheric Sciences},
  Year                     = {1969},

  Month                    = {Nov},
  Number                   = {6},
  Pages                    = {1283–1298},
  Volume                   = {26},
  Doi                      = {10.1175/1520-0469(1969)026<1283:nmopac>2.0.co;2},
}

@Article{Locatelli1974,
  Title                    = {Fall speeds and masses of solid precipitation particles},
  Author                   = {Locatelli, John D. and Hobbs, Peter V.},
  Journal                  = {Journal of Geophysical Research},
  Year                     = {1974},

  Month                    = {May},
  Number                   = {15},
  Pages                    = {2185–2197},
  Volume                   = {79},
  Doi                      = {10.1029/jc079i015p02185},
  ISSN                     = {0148-0227},
}

@Article{Long1974,
  Title                    = {Solutions to the droplet collection equation for polynomial kernels},
  Author                   = {Long, Alexis B},
  Journal                  = {Journal of the Atmospheric Sciences},
  Year                     = {1974},
  Number                   = {4},
  Pages                    = {1040--1052},
  Volume                   = {31},
}

@Article{Meyers1992,
  Title                    = {New primary ice-nucleation parameterizations in an explicit cloud model},
  Author                   = {Meyers, Michael P and DeMott, Paul J and Cotton, William R},
  Journal                  = {Journal of Applied Meteorology},
  Year                     = {1992},
  Number                   = {7},
  Pages                    = {708--721},
  Volume                   = {31},
}

@Article{Milbrandt2005b,
  Title                    = {{A multimoment bulk microphysics parameterization. Part II: A proposed three-moment closure and scheme description}},
  Author                   = {Milbrandt, JA and Yau, MK},
  Journal                  = {Journal of the atmospheric sciences},
  Year                     = {2005},
  Number                   = {9},
  Pages                    = {3065--3081},
  Volume                   = {62},
}

@Article{Phillips2008,
  Title                    = {An empirical parameterization of heterogeneous ice nucleation for multiple chemical species of aerosol},
  Author                   = {Phillips, Vaughan TJ and DeMott, Paul J and Andronache, Constantin},
  Journal                  = {Journal of the Atmospheric Sciences},
  Year                     = {2008},
  Number                   = {9},
  Pages                    = {2757--2783},
  Volume                   = {65},
}

@Article{Phillips2013,
  Title                    = {Improvements to an Empirical Parameterization of Heterogeneous Ice Nucleation and Its Comparison with Observations},
  Author                   = {Phillips, Vaughan TJ and Demott, Paul J and Andronache, Constantin and Pratt, Kerri A and Prather, Kimberly A and Subramanian, R and Twohy, Cynthia},
  Journal                  = {Journal of the Atmospheric Sciences},
  Year                     = {2013},
  Number                   = {2},
  Pages                    = {378--409},
  Volume                   = {70},
}

@Book{Press1992,
  Title                    = {{Numerical Recipes in FORTRAN: The art of scientific computing, 963 pp}},
  Author                   = {Press, William H and Teukolsky, Saul A and Vetterling, William T and Flannery, Brian P},
  Publisher                = {Cambridge Univ. Press, New York},
  Year                     = {1992},
}

@Book{Pruppacher1997,
  Title                    = {Microphysics of clouds and precipitation},
  Author                   = {Pruppacher, H. R. and Klett, J. D.},
  Publisher                = {Kluwer Academic Publishers (Dordrecht and Boston)},
  Year                     = {1997},
}

@Article{Reisin1996,
  Title                    = {{Rain production in convective clouds as simulated in an axisymmetric model with detailed microphysics. Part I: Description of the model}},
  Author                   = {Reisin, Tamir and Levin, Zev and Tzivion, Shalva},
  Journal                  = {Journal of the atmospheric sciences},
  Year                     = {1996},
  Number                   = {3},
  Pages                    = {497--519},
  Volume                   = {53},
}

@Article{Starr1985,
  Title                    = {{Cirrus Clouds. Part I: A Cirrus Cloud Model}},
  Author                   = {Starr, David O’C. and Cox, Stephen K.},
  Journal                  = {Journal of the Atmospheric Sciences},
  Year                     = {1985},

  Month                    = {Dec},
  Number                   = {23},
  Pages                    = {2663–2681},
  Volume                   = {42},
  Doi                      = {10.1175/1520-0469(1985)042<2663:ccpiac>2.0.co;2},
}

@Article{Verlinde1993,
  Title                    = {Fitting Microphysical Observations of Nonsteady Convective Clouds to a Numerical Model: An Application of the Adjoint Technique of Data Assimilation to a Kinematic Model},
  Author                   = {Verlinde, Johannes and Cotton, William R.},
  Journal                  = {Monthly Weather Review},
  Year                     = {1993},

  Month                    = {Oct},
  Number                   = {10},
  Pages                    = {2776–2793},
  Volume                   = {121},

  Doi                      = {10.1175/1520-0493(1993)121<2776:fmoonc>2.0.co;2},
}

@Article{Verlinde1990,
  Title                    = {Analytical Solutions to the Collection Growth Equation: Comparison with Approximate Methods and Application to Cloud Microphysics Parameterization Schemes},
  Author                   = {Verlinde, Johannes and Flatau, Piotr J. and Cotton, William R.},
  Journal                  = {Journal of the Atmospheric Sciences},
  Year                     = {1990},

  Month                    = {Dec},
  Number                   = {24},
  Pages                    = {2871–2880},
  Volume                   = {47},

  Doi                      = {10.1175/1520-0469(1990)047<2871:asttcg>2.0.co;2},
}

@Article{Vie2016,
  Title                    = {{LIMA (v1.0): A quasi two-moment microphysical scheme driven by a multimodal population of cloud condensation and ice freezing nuclei}},
  Author                   = {Vié, B. and Pinty, J.-P. and Berthet, S. and Leriche, M.},
  Journal                  = {Geosci. Model Dev.},
  Year                     = {2016},

  Month                    = {Feb},
  Number                   = {2},
  Pages                    = {567–586},
  Volume                   = {9},

  Doi                      = {10.5194/gmd-9-567-2016},
  ISSN                     = {1991-9603},
}

@Article{Ziegler1985,
  Title                    = {Retrieval of Thermal and Microphysical Variables in Observed Convective Storms. Part 1: Model Development and Preliminary Testing},
  Author                   = {Ziegler, Conrad L.},
  Journal                  = {Journal of the Atmospheric Sciences},
  Year                     = {1985},

  Month                    = {Jul},
  Number                   = {14},
  Pages                    = {1487–1509},
  Volume                   = {42},

  Doi                      = {10.1175/1520-0469(1985)042<1487:rotamv>2.0.co;2},
  ISSN                     = {1520-0469},
}
