@STRING{acp         = "Atmos. Chem. Phys."}
@STRING{acpd        = "Atmos. Chem. Phys. Discuss."}
@STRING{advgeo      = "Adv. Geophys."}
@STRING{advspace    = "Adv. Space Res."}
@STRING{ae          = "Atmospheric Environment"}
@STRING{ams         = "American Met. Soc."}
@STRING{ang         = "Ann. Geophys."}
@STRING{ar          = "Atmos. Res."}
@STRING{asl         = "Atmos. Sci. Let."}
@STRING{atmenv      = "Atmos. Environ."}
@STRING{bams        = "Bull. Am. Meteorol. Soc."}
@STRING{bomm        = "WMO Bull."}
@STRING{bpa         = "Beitr. Phys. Atmos."}
@STRING{gbc         = "Global Biogeochem. Cycle"}
@STRING{gmd         = "Geosci. Model Dev."}
@STRING{grl         = "Geophys. Res. Lett."}
@STRING{jac         = "J. Atm. Chem."}
@STRING{jam         = "J. Appl. Meteor."}
@STRING{jaot        = "J. Atmos. Oceanic Technol."}
@STRING{jastp       = "J. Atmos. Solar-Terr. Phys."}
@STRING{jatp        = "J. Atmos. Terr. Phys."}
@STRING{jar         = "Journal of Atmospheric Research"}
@STRING{jas         = "J. Atmos. Sci."}
@STRING{jcam        = "Journal of Climate and Applied Meteorology"}
@STRING{jc          = "J. Climate"}
@STRING{jgr         = "J. Geophys. Res."}
@STRING{jgra        = "J. Geophys. Res., A"}
@STRING{jmsj        = "J. Meteorol. Soc. Jpn."}
@STRING{jpp         = "J. Plasma Phys."}
@STRING{nature      = "Nature"}
@STRING{map         = "Meteor. Atmos. Phys."}
@STRING{mm          = "Meteor. Monogr."}
@STRING{mwr         = "Mon. Wea. Rev."}
@STRING{nat         = "Nature"}
@STRING{pla         = "Phys. Lett. A"}
@STRING{prl         = "Phys. Rev. Lett."}
@STRING{ptrsa       = "Phil. Trans. R. Soc. A"}
@STRING{qjrms       = "Quart. J. Roy. Meteor. Soc."}
@STRING{science     = "Science"}
@STRING{wf          = "Weather and Forecasting"}


@Article{Altaratz-2005,
  author = "O. Altaratz and T. Reisin and Z. Levin",
  title = "Simulation of the electrification of winter thunderclouds using the three-dimensional Regional Atmospheric Modeling System ({RAMS}) model: Single cloud simulations",
  journal = jgr,
  volume = "110",
  number = "D20205",
  doi = "10.1029/2004JD005616",
  year = "2005"
}

@Article{Arakawa-2004,
  author = "A. Arakawa",
  title = "The cumulus parameterization problem: Past, present and future",
  journal = jc,
  volume = "17",
  pages = "2493-2525",
  year = "2004"
}

@Article{Aufdermaur-1972,
  author =  "A. N. Aufdermaur and D. A. Johnson",
  title = "Charge separation due to riming in an electric field",
  journal = qjrms,
  volume = 98,
  number = "",
  pages = "369-382",
  year = "1972"
}

@Article{Avila-1995,
  author = "E. E. Avila and G. G. Aguirre Varela and G. M. Caranti",
  title = "Temperature dependance of static charging in ice growing by riming",
  journal = jas,
  volume = "52",
  number = "",
  pages = "4515-4520",
  year = "1995"
}

@Article{Avila-1998,
  author = "E. E. Avila and G. M. Caranti and N. Castellano and C. P. R. Saunders",
  title = "Laboratory studies of the influence of cloud droplet size on charge transfer during crystal-graupel collisions",
  journal = jgr,
  volume = "103",
  number = "",
  pages = "8985-8996",
  year = "1998",
}

@Article{Baker-1987,
  author = "B. Baker and M. B. Baker and E. R. Jayaratne and J. Latham and C. P. R. Saunders",
  title = "The influence of diffusional growth rates on the charge transfer accompagnying rebounding collisions between ice crystals and soft hailstones",
  journal = qjrms,
  volume = "113",
  number = "",
  pages = "1193-1215",
  year = "1987"
}

@Article{Baker-1995,
  author = "M. B. Baker and H. J. Christian and J. Latham",
  title = "A computational study of the relationships linking lightning frequency and other thundercloud parameters",
  journal = qjrms,
  volume = "121",
  number = "",
  pages = "1525-1548",
  year = "1995"
}

@Article{Baker-1999,
  author = "M. B. Baker and A. M. Blyth and H. J. Christian and J. Latham and K. L. Miller and A. M. Gadian",
  title = "Relationships between lightning activity and various thundercloud parameters : satellite and modelling studies",
  journal = ar,
  volume = "51",
  number = "",
  pages = "221-236",
  year = "1999"
}

@Article{Baker-2002,
  author = "M. B. Baker and J. Nelson",
  title = "A new model of charge transfer during ice-ice collisions",
  journal = "C. R. Physique",
  volume = "3",
  pages = "1293-1303",
  year = "2002"
}

@Article{Barth-2007-inter,
  author  = "M. C. Barth and S.-W. Kim and C. Wang and K. E. Pickering and L. E. Ott and G. Stenchikov and M. Leriche and S. Cautenet and J.-P. Pinty and C. Barthe and C. Mari and J. Helsdon and R. Farley and A. M. Fridlind and A. S. Ackerman and V. Spiridinov and B. Telenta",
  title   = "Cloud-scale model intercomparison of chemical constituent transport in deep convection",
  journal = acp,
  volume  = "7",
  pages   = "4709-4731",
  year   = "2007"
}

@Article{Barthe-2005,
  author  = "C. Barthe and G. Molini\'e and J.-P. Pinty",
  title   = "Description and first results of an explicit electrical scheme in a 3{D} cloud resolving model",
  journal = ar,
  volume  = "76",
  pages   = "95-113",
  year    = "2005"
}

@Article{Barthe-2007,
  author  = "C. Barthe and J.-P. Pinty and C. Mari",
  title   = "Lightning-produced {NO}$\rm{_x}$ in an explicit electrical scheme: a {STERAO} case study",
  journal = jgr,
  volume  = "112",
  number  = "D04302",
  doi     = "10.1029/2006JD007402",
  pages   = "",
  year    = "2007"
}

@Article{Barthe-Pinty-2007-flash,
  author  = "C. Barthe and J.-P. Pinty",
  title   = "Simulation of a supercellular storm using a three-dimensional mesoscale model with an explicit lightning flash scheme",
  journal = jgr,
  volume  = "112",
  number  = "D06210",
  pages   = "",
  doi     = "10.1029/2006JD007484",
  year    = "2007"
}

@Article{Barthe-Pinty-2007-3cas,
  author  = "C. Barthe and J.-P. Pinty",
  title   = "Simulation of electrified storms with comparison of the charge structure and lightning efficiency",
  journal = jgr,
  volume  = "112",
  number  = "D19204",
  pages   = "",
  doi     = "10.1029/2006JD008241",
  year    = "2007"
}

@Article{Barthe-Barth-2008,
  author = "C. Barthe and M. C. Barth",
  title = "Evaluation of a new lightning-produced {NO}$\rm{_x}$ parameterization for cloud resolving models and of its associated uncertainties",
  journal = acp,
  volume = "8",
  pages = "4691-4710",
  year = "2008"
}

@Article{Barthe-2010,
  author = "C. Barthe and W. Deierling and M. C. Barth",
  title = "Estimation of total lightning from various storm parameters: {A} cloud-resolving model study",
  journal = jgr,
  volume = "115",
  number = "D24202", 
  doi = "10.1029/2010JD014405",
  year = "2010"
} 

@Article{Barthe-2012,
  AUTHOR = "Barthe, C. and Chong, M. and Pinty, J.-P. and Bovalo, C. and Escobar, J.",
  TITLE = "CELLS v1.0: updated and parallelized version of an electrical scheme to simulate multiple electrified clouds and flashes over large domains",
  JOURNAL = gmd,
  VOLUME = "5",
  YEAR = "2012",
  NUMBER = "1",
  PAGES = "167--184",
  DOI = "10.5194/gmd-5-167-2012"
}

@Book{Beard-1986,
  author = "K. K. Beard and H. T. Ochs",
  title = "The Earth's Electrical Environment",
  chapter = "Charging mechanisms in clouds and thunderstorms",
  pages = "114-130",
  publisher = "Studies in Geophysics",
  year = "1986",
  address = "Nat. Academic Press, Washington, D.C."
}

@Article{Betz-2004,
  author = "H.-D. Betz and K. Schmidt and P. Oettinger and M. Wirz",
  title = "Lightning detection with 3{D} discrimination of intracloud and cloud-to-ground discharges",
  journal = grl,
  volume = "31",
  eid = "L11108",
  doi = "10.1029/2004GL019821",
  year = "2004"
}

@Article{Blyth-2001,
  author = "A. M. Blyth and H. J. Christian Jr. and K. Driscoll and A. M. Gadian and J. Latham",
  title = "Determination of ice precipitation rates and thunderstorm anvil ice contents from satellite observations of lightning",
  journal = ar,
  volume = "59-60",
  number = "",
  pages = "217-229",
  year = "2001"
}

@Article{Boccippio-2001,
  author = "D. J. Boccippio",
  title = "Lightning scaling relations revisited",
  journal = jas,
  volume = "59",
  number = "",
  pages = "1086-1104",
  year = "2001"
}

@Article{Brooks-1997,
  author ="I. M. Brooks and C. P. R. Saunders and R. P. Mitzeva and S. L. Peck",
  title = "The effect on thunderstorm charging of the rate of rime accretion by graupel",
  journal = ar,
  volume = "43",
  number = "",
  pages = "277-295",
  year = "1997"
}

@Article{Bruning-2007,
  author = "E. C. Bruning and W. D. Rust and T. J. Schuur and D. R. MacGorman and P. R. Krehbiel and W. Rison",
  title = "Electrical and polarimetric radar observations of a multicell storm in {TELEX}",
  journal = mwr,
  volume = "135",
  pages = "2525-2544",
  year = "2007"
}

@Phdthesis{Caniaux-1993,
  author  = "G. Caniaux",
  title   = "Param\'etrisation de la glace dans un mod\`ele non-hydrostatique de nuage: Application \`a une ligne de grain tropicale",
  school  = "Universit\'e de Toulouse",
  address = "Toulouse, France",
  pages   = "257 pp.",
  year    = "1993"
}

@Article{Caniaux-1994,
  author = " G. Caniaux and J.-L. Redelsperger and J.-P. Lafore",
  title = "A numerical study of the stratiform region of a fast-moving squall line. {P}art {I}: {G}eneral description and water and heat budgets",
  journal = jas,
  volume = "51",
  number = "",
  pages = "2046-2074",
  year = "1994"
}

@Article{Carey-Rutledge-1996,
  author  = "L. D. Carey and S. A. Rutledge",
  title   = "A multiparameter radar case study of the microphysical and kinematic evolution of a lightning producing storm",
  journal = "J. Meteor. Atmos. Phys.",
  volume  = "59",
  pages   = "33-64",
  year    = "1996"
}

@Article{Carey-2003,
  author = "L. D. Carey and W. A. Petersen and S. A. Rutledge",
  title = "Evolution of cloud-to-ground lightning and storm structure in the {S}pencer, {S}outh {D}akota, tornadic supercell of 30 {M}ay 1998",
  journal = mwr,
  volume = "131",
  number = "",
  pages = "1811-1831",
  year = "2003"
}

@Article{Carey-2005,
  author = "L. D. Carey and M. J. Murphy and T. L. McCormick and N. W. S. Demetriades",
  title = "Lightning location relative to storm structure in a leading-line, trailing-stratiform mesoscale convective system",
  journal = jgr,
  volume = "110",
  eid = "D03105",
  doi = "10.1029/2003JD004371",
  year = "2005"
}

@Article{Cecil-2005,
  author = "D. J. Cecil and S. J. Goodman and D. J. Boccippio and E. J. Zipser and S. W. Nesbitt",
  title = "Three years of {TRMM} precipitation features. {P}art I: radar, radiometric, and lightning characteristics",
  journal = mwr,
  volume = "133",
  number = "",
  pages = "543-566",
  year = "2005"
}
@Article{Chaboureau-2005,
  author = "J.P. Chaboureau and P. Bechtold",
  title ="Statistical representation of clouds in a regional model, and the impact on the diurnal cycle of convection during {TROCCINOX}",
  journal = jgr,
  doi = "10.1029/2004JD005645", 
  year = "2005"
}

@Article{Chaboureau-2000,
  author = "Chaboureau, J.-P. and Cammas, J.-P. and Mascart, P. and Pinty, J.-P. and Claud, C. and Roca, R. and Morcrette, J.-J.",
  title = "Evaluation of a cloud system life-cycle simulated by {M}eso-{NH} during {FASTEX} using {METEOSAT} radiances and {TOVS}-3{I} cloud retrievals",
  journal = qjrms,
  volume = "126", 
  pages = "1735-1750", 
  year = "2000"
}

@Article{Chaboureau-2002,
  author = "Chaboureau, J.-P. and Cammas, J.-P. and Mascart, P. and Pinty, J.-P. and Lafore, J.-P.",
  title = "Mesoscale cloud model scheme assessment using satellite observations",
  journal = jgr,
  volume = "107(D17)",
  doi = "10.1029/2001JD000714",
  pages = "4301",
  year = "2002"
}

@Article{Chaboureau-2007,
  author = "Chaboureau, J.-P. and Cammas, J.-P. and Duron, J. and Mascart, P. and Sitnikov, N. M. and Voessing, H.-J.",
  title = "A numerical study of tropical cross-tropopause transport by convective overshoots",
  journal = acp,
  volume = "7",
  pages = "1731-1740",
  year = "2007"
}

@Phdthesis{Chamsi-1992,
  author  = "N. Chamsi",
  title   = "Estimation des pr\'ecipitations \`a partir de la r\'eflectivit\'e radar dans les syst\`emes convectifs tropicaux",
  school  = "Universit\'e de Toulouse",
  address = "Toulouse, France",
  pages   = "110 pp.",
  year    = "1992"
}

@Article{Chatfield-1984,
  author = "R.B. Chatfield and P.J. Crutzen",
  title = " Sulfur dioxide in remote oceanic air: Cloud transport of reactive precursors",
  journal = jgr,
  volume = "89",
  pages = "7111-7132",
  year = "1984"
}

@article{Chauvin-2010,
Author = {Fabrice Chauvin and Roehrig, Romain and Lafore, Jean-Philippe},
Title = {{Intraseasonal Variability of the Saharan Heat Low and Its Link with
   Midlatitudes}},
Journal = jc,
Year = {{2010}},
Volume = {{23}},
Number = {{10}},
Pages = {{2544-2561}},
Month = {{MAY}},
Unique-ID = {{ISI:000278782600007}},
}

@Article{Chauzy-1985,
  author = "S. Chauzy and M. Chong and A. Delannoy and S. Despiau",
  title = "The {J}une 22 tropical squall line observed during {COPT}81 experiment : {E}lectrical signature associated with dynamical structure and precipitation",
  journal = jgr,
  volume = "90",
  number = "D4",
  pages = "6091-6098",
  year = "1985"
}

@Article{Chiu-1978,
  author = "C.-S. Chiu",
  title = "Numerical study of cloud electrification in a axisymmetric, time-dependant cloud model",
  journal = jgr,
  volume = "83",
  number = "",
  pages = "5025-5049",
  year = "1978"
}

@Article{Choi-2005,
  author = "Y. Choi and Y. Wang and T. Zeng and R. V. Martin and T. P. Kurosu and K. Chance",
  title = "Evidence for lightning {NO}x and convective transport of pollutants in satellite observations over {N}orth {A}merica",
  journal = grl,
  volume = "32",
  eid = "L02805",
  doi = "10.1029/2004GL021436",
  year = "2005"
}

@Article{Chong-1987,
  author = "M. Chong and P. Amayenc and G. Scialom and J. Testud",
  title = "A tropical squall line observed during the {COPT}81 experiment in {W}est {A}frica. {P}art {I}: {K}inematic structure inferred from dual-{D}oppler radar data",
  journal = mwr,
  volume = "115",
  pages = "670-694",
  year = "1987"
}

@Article{Chong-2000,
  author = "M. Chong and J.-F. Georgis and O. Bousquet and S. R. Brodzik and C. Burghart and S. Cosma and U. Germann and R. A. Houze and C. N. James and S. Prieur and R. Rotunno and F. Roux and J. Vivekanandan and Z.-X. Zeng",
  title = "Real-time wind synthesis from {D}oppler radar observations during the {M}esoscale {A}lpine {P}rogramme",
  journal = bams,
  volume = "81",
  pages = "2953-2962",
  year = "2000"
}

@Article{Chong-Bousquet-2001,
  author  = "M. Chong and O. Bousquet",
  title   = "On the application of {MUSCAT} to a ground-based dual {D}oppler radar system",
  journal = map,
  volume  = "78",
  pages   = "133-139",
  year    = "2001"
}

@Article{Chong-Cosma-2000,
  author  = "M. Chong and S. Cosma",
  title   = "A formulation of the continuity equation of {MUSCAT} for either flat or complex terrain",
  journal = jaot,
  volume  = "17",
  pages   = "1556-1564",
  year    = "2000"
}

@article{ Chong-2010,
Author = {Chong, Michel},
Title = {{The 11 August 2006 squall-line system as observed from MIT Doppler radar during the AMMA SOP}},
Journal = qjrms, 
Year = {{2010}},
Volume = {{136}},
Number = {{Sp. Iss. SI Suppl. 1}},
Pages = {{209-226}},
DOI = {10.1002/qj.466},
ISSN = {{0035-9009}},
Journal-ISO = {{Q. J. R. Meteorol. Soc.}}
}

@Unpublished{Christian-1996,
  author = "H. J. Christian and K. T. Driscoll and S. J. Goodman and R. J. Blakeslee and D. A. Mach and D. E. Buechler",
  title = "The {O}ptical {T}ransient {D}etector ({OTD})",
  note = "paper presented at 10th International Conference on Atmospheric Electricity, Osaka, Japan",
  year = "1996",
  pages = "368-371"
}

@Unpublished{Christian-1999,
  author = "H. J. Christian and R. J. Blakeslee and S. J. Goodman and D. A. Mach and M. F. Stewart and D. E. Buechler and W. J. Koshak and J. M. Hall and W. L. Boeck and K. T. Driscoll and D. J. Boccippio",
  title = "The {L}ightning {I}maging {S}ensor ({LIS})",
  note = "paper presented at 11th International Conference on Atmosperic Electricity, Guntersville, Alabama",
  year = "1999",
  pages = "746-749"
}   

@Article{Christian-2003-icae,
  author = "H. J. Christian",
  title = "12th {I}nternational {C}onference on {A}tmospheric {E}lectricity",
  booktitle = "Global lightning activity",
  pages = "673-676",
  year = "2003"
}

@Article{Christian-2003,
  author = "H. J. Christian and R. J. Blakeslee and D. J. Boccippio and W. L. Boeck and D. E. Buechler and K. T. Driscoll and S. J. Goodman and J. M. Hall and W. J. Koshak and D. M. Mach and M. F. Stewart",
  title = "Global frequency and distribution of lightning as observed from space by the {O}ptical {T}ransient {D}etector",
  journal = jgr,
  volume = "108",
  number = "D1",
  eid = "4005",
  doi = "10.1029/2002JD002347",
  year = "2003"
}

@article{Cohan-1999,
Author = {Cohan, DS and Schultz, MG and Jacob, DJ and Heikes, BG and Blake, DR},
Title = {{Convective injection and photochemical decay of peroxides in the
   tropical upper troposphere: Methyl iodide as a tracer of marine
   convection}},
Journal = jgr,
Year = {{1999}},
Volume = {{104}},
Number = {{D5}},
Pages = {{5717-5724}},
Month = {{MAR 20}}
}

@Article{Cohard-Pinty-2000,
  author  = "J.-M. Cohard and J.-P. Pinty",
  title   = "A comprehensive two-moment warm microphysical bulk scheme. {II}: 2{D} experiments with a non hydrostatic model", 
  journal = qjrms,
  volume  = "126", 
  pages   = "1843-1859",
  year    = "2000"
}

@Article{Coleman-2003,
  author = "L. M. Coleman and T. C. Marshall and M. Stolzenburg and T. Hamlin and P. R. Krehbiel and W. Rison and R. J. Thomas",
  title = "Effects of charge and electrostatic potential on lightning propagation",
  journal = jgr,
  volume = "108",
  number = "D9",
  eid = "4298",
  doi = "10.1029/2002JD002718",
  year = "2003"
}

@Article{Collins-1999,
  author = "W.J. Collins and D.S. Stevenson and C.E. Johnson and R.G. Derwent",
  title = "Role of convection in determining the budget of odd hydrogen in the upper troposphere ",
  journal = jgr,
  volume = "104",
  number = "D21",
  pages   = "26927-26941",
  year = "1999"
}

@Article{Cooray-2005,
  author = "V. Cooray and M. Rahman",
  title = "Efficiencies for production of {NO}$_x$ and {O}$_3$ by streamer discharges in air at atmospheric pressure",
  journal = "J. Electrostat.",
  volume = "63",
  pages = "977-983",
  year = "2005"
} 

@Article{Couvreux-2010,
  author = "F. Couvreux and F. Guichard and O. Bock and B. Campistron and J.-P. Lafore and J.-L. Redelsperger",
  title = "Synoptic variability of the monsoon flux over {W}est {A}frica prior to the onset",
  journal = qjrms,
  volume = "136(S1)",
  pages = "159-173",
  year = "2010"
}

@Article{Crook-Sun-2004,
  author  = "N. A. Crook and J. Sun",
  title   = "Analysis and forecasting of the low-level wind during the {S}idney 2000 forecast demonstration project",
  journal = wf,
  volume  = "19",
  pages   = "151-167",
  year    = "2004"
}

@Article{Cuesta-2009,
  author = "J. Cuesta and C. Lavaysse and C. Flamant and M. Mimouni and P. Knippetz", 
  title = "Northward bursts of the {W}est {A}frican monsoon leading to rainfall over the {H}oggar massif, {A}lgeria",
  journal = "Submitted to Quart. J. Roy. Meteor. Soc.",
  volume = "This issue",
  pages = "",
  year = "2009"
}

@Article{Cummins-1998,
  author = "K. L. Cummins and M. J. Murphy and E. A. Bardo and W. L. Hiscox and R. B. Pyle and A. E. Pifer",
  title = "A combined {TOA}/{MDF} technology upgrade of the {U}.{S}. {N}ational {D}etection {N}etwork",
  journal = jgr,
  volume = "103",
  number = "D8",
  pages = "9035-9044",
  year = "1998"
}

@Article{Cuxart-2000,
  author = "J. Cuxart and P. Bougeault and J.-L. Redelsperger",
  title = "A turbulence scheme for mesoscale and large-eddy simulations",
  journal = qjrms,
  volume = "126",
  pages = "1-30",
  year = "2000"
}

@Article{Darden-2010,
  author = "C. B. Darden and D. J. Nadler and B. C. Carcione and R. J. Blakeslee and G. T. Stano and D. E. Buechler",
  title = "Utilizing total lightning information to diagnose convective trends",
  journal = bams,
  volume = "91",
  number = "2",
  pages = "167-175",
  doi = "10.1175/2009BAMS2808.1",
  year = "2010"
}

@Article{Dash-2001,
  author = "J. Dash and B. L. Mason and J. S. Wettlaufer",
  title = "Theory of charge and mass transfer in ice-ice collisions",
  journal = jgr,
  volume = "106",
  pages = "20395-20402",
  year = "2001"
}

@Article{DeCaria-2000,
  author = "A. J. DeCaria and K. E. Pickering and G. L. Stenchikov and J. R. Scala and J. L. Stith and J. E. Dye and B. A. Ridley and P. Laroche",
  title = "A cloud-scale model study of lightning-generated {NO}$_{\rm x}$ in an individual thunderstorm during {STERAO}-{A}",
  journal = jgr,
  volume = "105",
  number = "D9",
  pages = "11,601-11,616",
  year = "2000"
}

@Article{DeCaria-2005,
  author = "A. J. DeCaria and K. E. Pickering and G. L. Stenchikov and L. E. Ott",
  title = "Lightning-generated {NO}$_{\rm x}$ and its impact on tropospheric ozone production: {A} three-dimensional modeling study of a {S}tratosphere-{T}roposphere {E}xperiment: {R}adiation, {A}erosols and {O}zone ({STERAO}-{A}) thunderstorm",
  journal = jgr,
  volume = "110",
  pages = "doi:10.1029/2004JD005556",
  year = "2005"
}

@Article{Defer-2001,
  author = "E. Defer and P. Blanchet and C. Th\'ery and P. Laroche and J. E. Dye and M. Venticinque and K. L. Cummins",
  title = "Lightning activity for the {J}uly 10, 1996, storm during the {S}tratosphere-{T}roposphere {E}xperiment: {R}adiation, {A}erosol, and {O}zone-{A} ({STERAO}-{A}) experiment",
  journal = jgr,
  volume = "106",
  number = "D10",
  doi = "10.1029/2000JD900849",
  pages = "10151-10172",
  year = "2001"
}

@InProceedings{Defer-2003,
  author       = "E. Defer and P. Laroche and J. E. Dye and W. C. Skamarock",
  year         = "2003",
  title        = "Use of total lightning lengths to estimate {NO}$\rm{_x}$ production in a {C}olorado thunderstorm",
  booktitle    = "Proceedings of the 12th {I}nternational {C}onference on {A}tmospheric {E}lectricity",
  editor       = "",
  publisher    = "",
  organization = "{I}nt. {C}omm. on {A}tmos. {E}lectr.",
  address      = "Versailles, France",
  series       = "9-13 June 2003",
  volume       = "",
  pages        = ""
 }
 
@Article{Defer-2003-old,
  author = "E. Defer and P. Laroche and J. E. Dye and W. Skamarock",
  title = "Use of total lightning lengths to estimate {NO}$\rm{_x}$ production in a {C}olorado thunderstorm, paper presented at 12th {I}nternational {C}onference on {A}tmospheric {E}lectricity, {J}une 9-13, {I}nt. {C}omm. on {A}tmos. {E}lectr., {V}ersailles, {F}rance",
  journal = "",
  volume = "",
  number = "",
  pages = "",
  year = "2003"
}

@InProceedings{Defer-2006,
  author       = "E. Defer and P. Blanchet and P. Laroche",
  year         = "2006",
  title        = "Ground based {VHF} and space borne optical measurements of lightning flashes during the {STERAO-A} experiment",
  booktitle    = "{T}he {L}ightning {I}maging {S}ensor {I}nternational {W}orkshop",
  editor       = "",
  publisher    = "",
  organization = "",
  address      = "Huntsville, Alabama",
  series       = "11-14 September 2006",
  volume       = "",
  pages        = ""
 }
 
@Article{Deierling-2005,
  author  = "W. Deierling and W. A. Petersen and J. Latham and S. M. Ellis and H. J. Christian",
  title   = "On the relationship of thunderstorm ice hydrometeor characteristics and total lightning measurements",
  journal = ar,
  volume  = "76",
  pages   = "114-126",
  year    = "2005"
}

@Phdthesis{Deierling-2006,
  author  = "W. Deierling",
  title   = "The relationship between total lightning and ice fluxes",
  school  = "University of Alabama",
  address = "Huntsville, Alabama",
  pages   = "175",
  year    = "2006"
}

@Article{Deierling-Petersen-2008,
  author = "W. Deierling and W. A. Petersen",
  title = "Total lightning activity as an indicator of updraft characteristics",
  journal = jgr,
  volume = "113",
  OPTnumber = "",
  pages = "doi:10.1029/2007JD009598",
  year = "2008"
}

@Article{Deierling-2008,
  author = "W. Deierling and W. A. Petersen and J. Latham and S. Ellis and H. J. Christian",
  title = "The relationship between lightning activity and ice fluxes in thunderstorms",
  journal = jgr,
  volume = "113",
  OPTnumber = "",
  pages = "doi:10.1029/2007JD009700",
  year = "2008"
}

@Article{Delon-2008,
  author = "C. Delon and C. E. Reeves and D. J. Stewart and D. Ser\c{c}a and R. Dupont and C. Mari and J.-P. Chaboureau and P. Tulet",
  title = "Biogenic nitrogen oxide emissions from soils - impact on {NO}$_{\rm x}$ and ozone over {W}est {A}frica during {AMMA} ({A}frican {M}onsoon {M}ultidisciplinary {E}xperiment): modelling study",
  journal = acp,
  volume = "8", 
  pages = "2351-2363",
  year = "2008"
}

@Article{Dickerson-1987,
  author = "R.R. Dickerson and G.J. Huffman and W.T. Luke and L.J. Nunnermacker and K.E. Pickering and A.C.D Leslie and C.G. Lindsey and W.G.N. Slinn and T.J. Kelly and P.H. Daum and A.C. Delany and J.P. Grennberg and P.R Zimmerman and J.F. Boatman and J.D. Ray and D.H. Stedman",
  title = "Thunderstorms: An important mechanism in the transport of air pollutants",
  journal = science, 
  pages = "460-465", 
  volume = "235", 
  number = "4787", 
  year = "1987"
}


@Article{Diongue-2002,
  author = "A. Diongue and J.-P. Lafore and J.-L. Redelsperger and R. Roca",
  title = "Numerical study of a {S}ahelian synoptic weather system: {I}nitiation and mature stages of convection and its interactions with the large-scale dynamics",
  journal = qjrms, 
  pages = "1899-1927", 
  volume = "128", 
  year = "2002"
}

@Article{Doherty-2005,
  author = "R. M. Doherty and D. S. Stevenson and W. J. Collins and and M. G. Sanderson",
  title = "Influence of convective transport on tropospheric ozone and its precursors in a chemistry-climate model",
  journal = acp ,
  pages = "3205-3218", 
  volume = "5", 
  doi ="doi:10.5194/acp-5-3205-2005",
  url = "http://www.atmos-chem-phys.net/5/3205/2005/",
  year = "2005"
}

@Article{Doswell-1985,
  author = "C. A. Doswell",
  title = "The operational meteorology of convective weather. {V}ol {II}: {S}torm scale analysis",
  journal = "NOAA Tech. Memo. ERL MSG-15",
  year = "158 pp"
}

@Article{Dotzek-2001,
  author = "N. Dotzek and H. H{\"o}ller and C. Th\'ery and T. Fehr",
  title = "Lightning evolution related to radar-derived microphysics in the 21 {J}uly 1998 {EULINOX} supercell storm",
  journal = ar,
  volume = "56",
  number = "",
  pages = "335-354",
  year = "2001"
}

@Article{Duvel-1990,
  author = "J.-P. Duvel",
  title = "Convection over tropical {A}frica and the {A}tlantic {O}cean during northern summer. {P}art {II}: {M}odulation by easterly waves",
  journal = mwr,
  volume = "118",
  pages = "1855-1868",
  year = "1990"
}

@Article{Dwyer-2003,
  author = "J. R. Dwyer",
  title = "A fundamental limit on electric fields in air",
  journal = grl,
  volume = "30",
  number = "20",
  eid = "2055", 
  doi = "10.1029/2003GL017781",
  year = "2003"
}

@Article{Dwyer-2004a,
  author = "J. R. Dwyer and H. K. Rassoul and M. Al-Dayeh and L. Caraway and B. Wright and A. Chrest and M. A. Uman and V. A. Rakov and K. J. Rambo and D. M. Jordan and J. Jerauld and C. Smyth",
  title = "Measurements of x-ray emission from rocket-triggered lightning",
  journal = grl,
  volume = "31",
  eid = "L05118",
  doi = "10.129/2003GL018770",
  year = "2004"
}

@Article{Dwyer-2004b,
  author = "J. R. Dwyer and H. K. Rassoul and M. Al-Dayeh and L. Caraway and B. Wright and A. Chrest and M. A. Uman and V. A. Rakov and K. J. Rambo and D. M. Jordan and J. Jerauld and C. Smyth",
  title = "A ground level gamma-ray burst observed in association with rocket-triggered lightning",
  journal = grl,
  volume = "31",
   eid = "L05119",
   doi = "10.129/2003GL018771",
  year = "2004"
}

@Article{Dye-1974,
  author = "J. E. Dye and C. A. Knight and V. Toutenhoofd and T. W. Cannon",
  title = "The mechanism of precipitation formation in northeastern {C}olorado cumulus {III}. {C}oordinated microphysical and radar observations and summary",
  journal = jas,
  volume = "31",
  pages = "2152-2159",
  year = "1974"
}

@Article{Dye-1986,
  author = "J. E. Dye and J. J. Jones and W. P. Winn and T. A. Cerni and B. Gardiner and D. Lamb and R. L. Pitter and J. Hallett and C. P. R. Saunders",
  title = "Early electrification and precipitation development in a small, isolated {M}ontana cumulonimbus",
  journal = jgr,
  volume = "91",
  number = "",
  pages = "1231-1247",
  year = "1986"
}

@Article{Dye-1989,
  author = "J. E. Dye and J. J. Jones and W. P. Winn",
  title = "Observations within two regions of charge during initial thunderstorm electrification",
  journal = qjrms,
  volume = "114",
  pages = "1271-1290",
  year = "1989"
}

@Article{Dye-2000,
  author = "J. E. Dye and B. A. Ridley and W. Skamarock and M. Barth and M. Venticinque and E. Defer and P. Blanchet and C. Th\'ery and P. Laroche and K. Baumann and G. Hubler and D. D. Parrish and T. Ryerson and M. Trainer and G. Frost and J. S. Holloway and T. Matejka and D. Bartels and F. C. Fehsenfeld and A. Tuck and S. A. Rutledge and T. Lang and J. Stith and R. Zerr",
  title = "An overview of the {S}tratospheric-{T}ropospheric {E}xperiment: {R}adiation, {A}erosols, and {O}zone ({STERAO})-{D}eep {C}onvection experiment with results for the {J}uly 10, 1996 storm",
  journal = jgr,
  volume = "105",
  number = "D8",
  pages = "10,023-10,045",
  doi = "10.1029/1999JD901116",
  year = "2000"
}

@Article{Emersic-2011,
  author = "C. Emersic and P. L. Heinselman and D. R. MacGorman and E. C. Bruning",
  title = "Lightning activity in a hail-producing storm observed with phased-array radar",
  journal = mwr,
  volume = "139",
  pages = "1809-1825",
  doi = "10.1175/2010MWR3574.1",
  year = "2011"
} 

@Article{Fairall-1996,
  author = "C. W. Fairall and E. F. Bradley and D. P. Rogers and J. B. Edson and G. S. Young",
  title = "Bulk parameterization of air-sea fluxes for {T}ropical {O}cean-{G}lobal {A}tmosphere {C}oupled-{O}cean {A}tmosphere {R}esponse {E}xperiment",
  journal = jgr,
  volume = "101",
  number = "C2",
  pages = "3747-3764",
  year = "1996"
}

@Article{Farley-1989,
  author = "R. D. Farley and P. A. Price and H. D. Orville and J. H. Hirsch",
  title = "On the numerical simulation of graupel/hail initiation via the riming of snow in bulk water microphysical cloud models",
  journal = jam,
  volume = "28",
  pages = "1128-1131",
  year = "1989"
}

@Article{Fehr-2004,
  author = "T. Fehr and H. H{\"o}ller and H. Huntrieser",
  title = "Model study on production and transport of lightning-produced {NO}$_{\rm x}$ in a {EULINOX} supercell storm",
  journal = jgr,
  volume = "109",
  pages = "1-17, doi:10.1029/2003JD003935",
  year = "2004"
}

@Article{Ferrier-1994,
  author  = "B. S. Ferrier",
  title   = "A double-moment multiple-phase four-class bulk ice scheme. {P}art {I}: {D}escription",
  journal = jas,
  volume  = "51",
  pages   = "249-280",
  year    = "1994"
}

@Article{Ferrier-1995,
  author = "B. S. Ferrier and W.-K. Tao and J. Simpson",
  title = "A double-moment multiple phase four-class bulk ice scheme. {P}art {II} : simulations of convective storms in different large-scale environments and comparison with other bulk parameterizations",
  journal = jas,
  volume = "52",
  number = "",
  pages = "1001-1033",
  year = "1995"
}

@Article{Fierro-2007,
  author = "A. O. Fierro and L. Leslie and E. Mansell and J. Straka and D. MacGorman and C. Ziegler",
  title = "A high-resolution simulation of microphysics and electrification in an idealized hurricane-like vortex",
  journal = map,
  volume = "98",
  number = "1-2",
  pages = "13-33",
  year = "2007"
}

@Article{Franzblau-Popp-1989,
  author = "E. Franzblau and C. J. Popp",
  title = "Nitrogen oxides produced from lightning",
  journal = jgr,
  volume = "94",
  pages = "11089-11104",
  year = "1989"
}

@Article{French-1996,
  author = "J. R. French and J. H. Helsdon and A. G. Detwiler and P. L. Smith",
  title = "Microphysical and electrical evolution of a {F}lorida thunderstorm. 1. {O}bservations",
  journal = jgr,
  volume = "101",
  number = "D14",
  doi = "10.1029/96JD01625",
  pages = "18961-18977",
  year = "1996"
}

@Article{Fromm-2000,
  author = "M. Fromm and J. Alfred and K. Hoppel and J. Hornstein and R. Bevilacqua and E. Shettle and R. Servranckx and Z. Li and B. Stocks",
  title = "Observations of boreal forest fire smoke in the stratosphere by {POAM} {III}, {SAGE} {II}, and lidar in 1998",
  journal = grl,
  volume = "27",
  number = "9",
  pages = "1407-1410",
  doi = "10.1029/1999GL011200",
  year = "2000"
}

@Article{Futyan-Delgenio-2007,
  author = "Futyan, J. and Del Genio, A.", 
  title = "Deep convective system evolution over {A}frica and the tropical {A}tlantic",
  journal = jc,
  volume = "20",
  pages = "5041-5060", 
  doi = "10.1175/JCLI4297.1.",
  year = "2007"
}

@Article{Gamache-Houze-1982,
  author = "Gamache, J.F. and Houze, Jr R. A.",
  title = "Mesoscale air motions associated with a tropical squall line", 
  journal = mwr,
  volume = "110", 
  pages = "118-135", 
  year = "1982"
}

@Article{Gardiner-1985,
  author = "B. A. Gardiner and D. Lamb and R. Pitter and J. Hallett and C.P.R. Saunders",
  title = "Measurements of initial potential gradient and particle charge in a {M}ontana summer thunderstorm",
  journal = jgr,
  volume = "90",
  number = "",
  pages = "6079-6086",
  year = "1985"
}

@Article{Gaskell-1981,
  author = "W. Gaskell",
  title = "A laboratory study of the inductive theory of thunderstorm electrification",
  journal = jgr,
  volume = "107",
  number = "",
  pages = "955-966",
  year = "1981"
}

@Article{Georgis-2000,
  author = "J.-F. Georgis and F. Roux and P. Hildebrand",
  title = "Observation of precipitation systems over complex orography with meteorological {D}oppler radars: {A} feasability study",
  journal = map,
  volume = "72",
  pages = "185-202",
  year = "2000"
}

@Article{Gettelman-2002,
  author = "A. Gettelman and M.L. Salby and F. Sassi",
  title = "Distribution and influence of convection in the tropical tropopause region",
  journal = jgr,
  volume = "107",
  pages = "",
  doi = "10.1029/2001JD001048",
  year = "2002"
}

@Article{Gish-1944,
  author = "O. H. Gish",
  title = "Evaluation and interpretation of the columnar resistance of the atmosphere",
  journal = "Terr. Magn. Atmos. Electr.",
  volume = "49",
  number = "",
  pages = "159-168",
  year = "1944"
}

@Article{Gilmore-2004-liquid,
  author  = "M. Gilmore and J. M. Straka and E. N. Rasmussen",
  title   = "Precipitation and evolution sensitivity in simulated deep convective storms: {C}omparisons between liquid-only and simple ice and liquid phase microphysics",
  journal = mwr,
  volume  = "132",
  pages   = "1897-1916",
  year    = "2004"
}

@Article{Gilmore-2004-ice,
  author  = "M. Gilmore and J. M. Straka and E. N. Rasmussen",
  title   = "Precipitation uncertainty due to variations in precipitation particle parameters within a simple microphysics scheme",
  journal = mwr,
  volume  = "132",
  pages   = "2610-2627",
  year    = "2004"
}

@Article{Goodman-1988,
  author = "S. J. Goodman and D. E. Buechler and P. D. Wright and W. D. Rust",
  title = "Lightning and precipitation history of a microburst-producing storm",
  journal = grl,
  volume =  "15",
  number = "11",
  pages = "1185-1188",
  doi = "10.1029/GL015i011p01185",
  year = "1988"
}

@Article{Goodman-2000,
  author = "S. J. Goodman and D. E. Buechler and K. Knupp and K. Driscoll and E. W. McCaul",
  title = "The 1997-98 El {N}ino event and related wintertime lightning variations in the southeastern {U}nited {S}tates",
  journal = grl,
  volume = "27",
  number = "",
  pages = "541-544",
  year = "2000"
}

@Article{Goodman-2005,
  author  = "S. J. Goodman and R. Blackeslee and H. Christian and W. Koshak and J. Bailey and J. Hall and E. McCaul and D. Buechler and C. Darden and J. Burks and T. Bradshaw and P. Gatlin",
  title   = "The {N}orth {A}labama {L}ightning {M}apping {A}rray: {R}ecent severe storm observations and future prospects",
  journal = ar,
  volume  = "76",
  pages   = "423-437",
  year    = "2005"
}

@Article{Grant-2008,
  author = "D.D. Grant and J.D. Fuentes and M.S. Delonge and S. Chan and E. Joseph and P. Kucera and S.A. Ndiaye and A.T. Gaye",
  title = "Ozone transport by mesoscale convective storms in western Senegal",
  journal = ae,
  volume = "42",
  pages = "7104-7114",
  year = "2008"
}

@Article{Gregory-2000,
  author = "D. Gregory and J.-J. Morcrette and C. Jakob and A. M. Beljaars and T. Stockdale",
  title = "Revision of convection, radiation and cloud schemes in the {ECMWF} model",
  journal = qjrms,
  volume = "126",
  pages = "1685-1710",
  year = "2000"
}

@Article{Grenet-1947,
  author = "G. Grenet",
  title = "Essai d'explication de la charge \'electrique des nuages d'orages",
  journal = ang,
  volume = "3",
  number = "",
  pages = "306-307",
  year = "1947"
}

@Article{Guenther-1995,
 author = "A. Guenther and al.",
 title ="A global model of natural volatile organic compound emissions", 
 journal=jgr, 
 volume ="100",
 number="D5", 
 pages="8873–8892", 
 doi="10.1029/94JD02950",
 year ="1995", 
}

@Article{Guichard-2010,
author = {"F. Guichard and N. Asencio and C. Peugeot and O. Bock and J.L. Redelsperger and X. Cui and M. Garvert and B. Lamptey and E. Orlandi and J. Sander and F. Fierli and M.A. Gaertner and S.C. Jones and J.P. Lafore and A. Morse and M. Nuret and A. Boone and G. Balsamo and P. de Rosnay and B. Decharme and P. Harris and J.-C. Berges "},
title = {An Intercomparison of Simulated Rainfall and Evapotranspiration Associated with a Mesoscale Convective System over West Africa},
journal = wf,
volume = {25},
number = {1},
pages = {37-60},
year = {2010},
doi = {10.1175/2009WAF2222250.1},
}

@Article{Gurevitch-1992,
  author = "A. V. Gurevitch and G. M. Milikh and R. Roussel-Dupr\'e",
  title = "Runaway electron mechanism of air breakdown and preconditionning during a thunderstorm",
  journal = pla,
  volume = "165",
  number = "",
  pages = "463-468",
  year = "1992"
}

@Article{Hall-Peyrille-2006,
  author = "Hall, N. and Peyrill\'e, P.",
  title = "Dynamics of the {W}est {A}frican monsoon", 
  journal = "J. Phys. IV France", 
  volume = "139", 
  pages = "85-103", 
  year = "2006"
}

@InProceedings{Harlin-2003,
  author       = "J. D. Harlin and T. Hamlin and P. Krehbiel and R. Thomas and W. Rison",  
  year         = "2003",
  title        = "Short duration discharges located by {NMIMT}'s {L}ightning {M}apping {A}rray",
  booktitle    = "Fall meeting",
  editor       = "",
  publisher    = "",
  organization = "{A}merican {G}eophysical {U}nion",
  address      = "San Francisco, CA",
  series       = "December 2003",
  volume       = "",
  pages        = ""
 }

@Article{Helsdon-1980,
  author = "J. H. Helsdon",
  title = "Chaff seeding effects in a dynamical-electrical cloud model",
  journal = jam,
  volume = "19",
  pages = "1101-1125",
  year = "1980"
}

@Article{Helsdon-1987,
  author = "J. H. Helsdon and R. D. Farley",
  title = "A numerical modeling study of a {M}ontana thunderstorm: {P}art 2 : {M}odel results versus observations involving electrical aspects",
  journal = jgr,
  volume = "92",
  number = "",
  pages = "5661-5675",
  year = "1987"
}

@Article{Helsdon-1992,
  author = "J. H. Helsdon and G. Wu and R. D. Farley",
  title = "An intracloud lightning parameterization scheme for a storm electrification model",
  journal = jgr,
  volume = "97",
  number = "",
  pages = "5865-5884",
  year = "1992"
}

@Article{Helsdon-2001,
  author = "J. H. Helsdon and W. A. Wojcik and R. D. Farley",
  title = "An examination of thunderstorm-charging mechanism using a two-dimensional storm electrification model",
  journal = jgr,
  volume = "106",
  number = "D1",
  doi = "10.1029/2000JD900532",
  pages = "1165-1192",
  year = "2001"
}

@Article{Helsdon-2002,
  author = "J. H. Helsdon and S. Gattaleeradapan and R. D. Farley and C. C. Waits",
  title = "An examination of the convective charging hypothesis : {C}harge structure, electric fields, and {M}axwell currents",
  journal = jgr,
  volume = "107",
  number = "D22",
  eid = "4630",
  doi = "10.1029/2001JD001495",
  year = "2002"
}

@Article{Heymsfield-1986,
  author = "A. J. Heymsfield and A. G. Palmer",
  title = "Relations for deriving thunderstorm anvil mass of {CCOPE} storm water budget estimates",
  journal = jcam,
  volume = "25",
  pages = "691-702",
  year = "1986"
}

@Article{Heymsfield-1988,
  author  = "A. J. Heymsfield and K. M. Miller",
  title   = "Water vapor and ice mass transported into the anvils of {CCOPE} thunderstorms: {C}omparison with storm influx and rainout",
  journal = jas,
  volume  = "45",
  pages   = "3501-3514",
  year    = "1988"
}

@Article{Hu-2010,
  author  = "X.-M. Hu and J. D. Fuentes and F. Zhang",
  title   = "Downward transport and modification of tropospheric ozone through moist convection",
  journal = jac,
  doi = "10.1007/s10874-010-9179-5",
  year    = "2010"
}

@Article{Jacobson-1999,
  author = "A. R. Jacobson and S. O. Knox and R. Franz and D. C. Enemark",
  title = "{FORTE} observations of lightning radio-frequency signatures: capabilities and basic results",
  journal = "Radio Sci.",
  volume = "34",
  number = "2",
  pages = "337-354",
  year = "1999"
}

@Article{Jenkins-1997,
  author = "Jenkins, G. S. and Mohr, K. and Morris, V. R. and Arino, O.",
  title = "The role of convective processes over the {Z}aire-{C}ongo {B}asin to the southern hemispheric ozone maximum",
  journal = jgr,
  volume = "102", 
  pages = "18,963-18,980", 
  year = "1997"
}

@Article{Hager-1989,
  author = "W. W. Hager and J. S. Nisbet and J. R. Kasha and W.-C. Shann",
  title = "Simulations of electric fields within a thunderstorm",
  journal = jas,
  volume = "46",
  pages = "3542-3558",
  year = "1989"
}

@Article{Hodges-Thorncroft-1997,
  author  = "K. I. Hodges and C. D. Thorncroft",
  title   = "Distribution and statistics of {A}frican mesoscale convective weather systems based on the {ISCCP} {M}eteosat imagery",
  journal = mwr,
  volume  = "125", 
  pages   = "2821-2837",
  year    = "1997"
}

@Article{Holler-1999,
  author = "H. H{\"o}ller and U. Finke and H. Huntrieser and M. Hagen and C. Feigl",
  title = "Lightning-produced {NO}$_{\rm x}$ ({LINOX}): experimental design and case study results",
  journal = jgr,
  volume = "104",
  pages = "13911-13922",
  doi = "10.1029/1999JD900019",
  year = "1999"
}

@Article{Homan-2010,
AUTHOR = {Homan, C. D. and Volk, C. M. and Kuhn, A. C. and Werner, A. and Baehr, J. and Viciani, S. and Ulanovski, A. and Ravegnani, F.},
TITLE = {Tracer measurements in the tropical tropopause layer during the AMMA/SCOUT-O3 aircraft campaign},
JOURNAL = acp,
VOLUME = {10},
YEAR = {2010},
NUMBER = {8},
PAGES = {3615--3627},
URL = {http://www.atmos-chem-phys.net/10/3615/2010/},
DOI = {10.5194/acp-10-3615-2010}
}

@Article{ Hou-2009,
author = "T. Hou and H. Lei and Z. Hu",
title = "Numerical simulation of the relationship between electrification and microphysics in the prelightning stage of thunderstorms",
journal = ar,
volume = "91",
number = "2-4",
pages = "281--291",
year = "2009",
doi = "10.1016/j.atmosres.2008.04.009"
}

@Article{Houtekamer-1995,
  author = "P. L. Houtekamer and J. Derome",
  title = "Methodes for Ensemble Prediction",
  journal = mwr,
  volume = "123",
  pages = "2181-2196",
  year = "1995"
}

@Article{Houze-1989,
  author = "R. A. Houze and S. A Rutledge and M. I. Biggerstafff and B. F. Smull",
  title = "Interpretation of {D}oppler weather-radar displays in midlatitude mesoscale convective systems",
  journal = bams,
  volume = "70",
  pages = "613-654",
  year = "1989"
}

@Book{Houze-1993,
  author = "R. A. Houze",
  title = "Cloud {D}ynamics",
  pages = "573",
  publisher = "International Geophysics Series, Academic Press Inc.",
  year = "1993"
}

@Article{Huffman-2007,
  author = "G. J. Huffman and R. F. Adler and D. T. Boldin and G. Gu and E. J. Nelkin and K. P. Bowman and Y. Hong and E. F. Stocker and D. B. Wolff",
  title = "The {TRMM} multi-satellite precipitation analysis: quasi-global, multi-year, combined-sensor precipitation estimates at fine scale",
  journal = "J. Hydrometeor.",
  volume = "8",
  year = "2007",
  pages = "38-55"
}

@Article{Huntrieser-1998,
  author =       "H. Huntrieser and H. Schlager and C. Feigl and H. H{\"o}ller",
  title =        "Transport and production of {NO}$_{\rm x}$ in electrified thunderstroms: surveys of previous studies and new observations at midlatitudes",
  journal =      jgr,
  volume =       "103",
  number =       "",
  pages =        "28247-28264",
  year =         "1998"
}

@Article{Huntrieser-2002,
  author = "H. Huntrieser and C. Feigl and H. Schlager and F. Schroder and C. Gerbig and P. van Velthoven and F. Flatoy and C. Th\'ery and A. Petzold and H. H{\"o}ller and U. anann",
  title = "Airborne measurements of {NO}$_{\rm x}$, tracer species and small particles during the {E}uropeean {L}ightning {N}itrogen {O}xides {E}xperiment",
  journal = jgr,
  volume = "107",
  number = "D11",
  doi = "10.1029/2000JD000209",
  year = "2002"
}

@Article{Illingworth-1985,
  author = "A. J. Illingworth",
  title = "Charge separation in thunderstorms : small scale processes",
  journal = jgr,
  volume = "90",
  pages = "6026-6032",
  year = "1985"
}

@Article{Illingworth-1985a,
  author = "A. J. Illingworth and J. M. Caranti",
  title = "Ice conductivity restraints on the inductive theory of thunderstorm electrification",
  journal = jgr,
  volume = "90",
  number = "D4",
  pages = "6033-6039",
  year = "1985"
}

@inproceedings{Jabouille-1999,
 author = {Jabouille, Patrick and Guivarch, Ronan and Kloos, Philippe and Gazen, Didier and Gicquel, Nicolas and Giraud, Luc and Asencio, Nicole and Ducrocq, Veronique and Escobar, Juan and Redelsperger, Jean-Luc and Stein, Jo\"{e}l and Pinty, Jean-Pierre},
 title = {Parallelization of the French Meteorological Mesoscale Model M\'esoNH},
 booktitle = {Proceedings of the 5th International Euro-Par Conference on Parallel Processing},
 series = {Euro-Par '99},
 year = {1999},
 isbn = {3-540-66443-2},
 pages = {1417--1422},
 numpages = {6},
 url = {http://portal.acm.org/citation.cfm?id=646664.701041},
 acmid = {701041},
 publisher = {Springer-Verlag},
 address = {London, UK, UK},
} 


@Article{Jaegle-1997,
  author = "L. Jaegle and D.J. Jacob and P.O. Wennberg and C.M. Spivakovsky and T.F. Hanisco and E.L. Lanzendorf and E. Hintsa and D.W. Fahey and E.R. Keim and M.H. Proffitt and E. Atlas and T.E. McElroy and C. Midwinter and L. Pfister and C. Wilson",
  title = "Observations of OH and HO2 in the upper troposphere suggest a major source of convection",
  journal =grl ,
  volume = "24",
  pages = "3181-3184",
  year = "1997"
}

@Article{Janicot-2008,
  author = "Janicot, S. and Thorncroft, C. and Ali, A. and Asencio, N. and Berry, G. and Bock, O. and Bourles, B. and Caniaux, G. and Chauvin, F. and Deme, A. and Kergoat, L. and Lafore, J.-P. and Lavaysse, C. and Lebel, T. and Marticorena, B. and Mounier, F. and N\'ed\'elec, P. and Redelsperger, J.-L. and Ravegnani, F. and Reeves, C. E. and Roca, R. and de Rosnay, P. and Schlager, H. and Sultan, B. and Tomasini, M. and Ulanovsky, A. and ACMAD forecasters team",
  title = "Large-scale overview of the summer monsoon over {W}est {A}frica during the {AMMA} field experiment in 2006",
  journal = ang,
  volume = "26",
  pages = "2569-2595",
  year = "2008"
}

@Article{Jayaratne-1983,
  author = "R. Jayaratne and C. P. R. Saunders and J. Hallet",
  title = "Laboratory studies of the charging of soft hail during ice crystal interactions",
  journal = qjrms,
  volume = "103",
  number = "",
  pages = "609-630",
  year = "1983"
}

@Article{Jourdain-2001,
  author = "L. Jourdain and D. A. Hauglustaine",
  title = "The global distribution of lightning {NO}$_{\rm x}$ simulated on-line in a general circulation model",
  journal = "Phys. Chem. Earth (C)",
  volume = "26",
  number = "8",
  pages = "585-591",
  year = "2001"
}

@Article{Jaegle-2004,
  author = "L. Jaegl\'e and R. V. Martin and K. Chance and L. Steinberger and T. P. Kurosu and D. J. Jacob and A. I. Modi and V. Yobou\'e and L. Sigha-Nkamdjou and C. Galy-Lacaux",
  title = "Satellite mapping of rain-induced nitric oxide emissions from soils ",
  journal = jgr,
  volume = "109",
  number = "D21310",
  doi="10.1029/2004JD004787",
  year = "2004"
}

@Article{Kajikawa-1989,
  author = "M. Kajikawa and A. J. Heymsfield",
  title = "Aggregation of ice crystals in cirrus",
  journal = jas,
  volume = "46", 
  number = "20",
  pages = "3108-3121",
  year = "1989"
}

@Article{Kasemir-1960,
  author = "H. W. Kasemir",
  title = "A contribution to the electrostatic theory of a lightning discharge",
  journal = jgr,
  volume = "65",
  number = "",
  pages = "1873-1878",
  year = "1960"
}

@Unpublished{Kasemir-1983,
  author = "H. W. Kasemir",
  title = "Static discharge and triggered lightning",
  note = "paper presented at 8th {I}nt. {A}erosp. and {G}round {C}onf. on {L}ightning and {S}tatic {E}lectricity, Fort Worth",
  year = "1983",
  pages = "24.1-24.11"
}

@Article{Kawasaki-2000,
  author = "Z. Kawasaki and K. Matsuura",
  title = "Does a lightning channel show a fractal ?",
  journal = "Applied Energy",
  volume = "67",
  number = "",
  pages = "147-158",
  year = "2000"
}

@Article{Keith-1990,
  author = "W. D. Keith and C. P. R. Saunders",
  title = "Further laboratory studies of the charging of graupel during ice crystal interactions",
  journal = ar,
  volume = "25",
  number = "",
  pages = "4345-4464",
  year = "1990"
}

@Article{Kessler-1969,
  author = "E. Kessler",
  title = "On the distribution and continuity of water substance in atmospheric circulations",
  journal = mm,
  volume = " 32",
  number = "",
  pages = "84 pp.",
  year = "1969"
}

@Article{Khaykin-2009,
AUTHOR = {S. Khaykin and Pommereau, J.-P. and Korshunov, L. and Yushkov, V. and Nielsen, J. and Larsen, N. and Christensen, T. and Garnier, A. and Lukyanov, A. and Williams, E.},
TITLE = {Hydration of the lower stratosphere by ice crystal geysers over land convective systems},
JOURNAL = acp,
VOLUME = {9},
YEAR = {2009},
NUMBER = {6},
PAGES = {2275--2287},
URL = {http://www.atmos-chem-phys.net/9/2275/2009/},
DOI = {10.5194/acp-9-2275-2009}
}

@Article{Klemp-1978,
  author = "J. B. Klemp and R. B. Wilhelmson",
  title = "The simulation of three-dimensional convective storm dynamics",
  journal = jas,
  volume = "35",
  number = "",
  pages = "1070-1096",
  year = "1978"
}

@Article{Klimowski-Marwitz-1992,
  author = "B. A. Klimowski and J. D. Marwitz",
  title = "The synthetic dual-{D}oppler analysis technique",
  journal = jaot,
  volume = "9",
  year = "1992",
  pages = "728-745"
}

@Article{Knupp-2003,
  author = "K. R. Knupp and S. Paech and S. Goodman",
  title = "Variations in cloud-to-ground lightning characteristics among three adjacent tornadic supercell storms over the {T}ennessee valley region",
  journal = mwr,
  volume = "131",
  number = "",
  pages = "172-188",
  year = "2003"
}

@Phdthesis{Krehbiel-1981,
  author = "P. R. Krehbiel",
  title = "An analysis of the electric field change produced by lightning",
  school = "Univ. of Manchester Inst. of Sci. and Technol., Manchester, U. K.",
  year = "1981",
  pages = ""
}

@Article{Krehbiel-2000,
  author = "P. Krehbiel and R. J. Thomas and W. Rison and T. Hamlin and J. Harlin and M. Davis",
  title = "Lightning mapping observations in {C}entral {O}klahoma",
  journal = "Eos", 
  volume = "",
  number = "",
  pages = "21-25",
  year = "2000"
}

@Article{Kuhlman-2006,
  author  = "K. M. Kuhlman and C. L. Ziegler and E. R. Mansell and D. R. MacGorman and J. M. Straka",
  title   = "Numerically simulated electrification and lightning of the 29 {J}une 2000 {STEPS} supercell storm",
  journal = mwr,
  volume  = "134(10)",
  pages   = "2734-2757",
  year    = "2006"
}

@Article{Labrador-2004,
  author = "L. J. Labrador and R. vonKuhlmann and M. G. Lawrence",
  title = "Strong sensitivity of the global mean {OH} concentration and the tropospheric oxidizing efficiency to the source of {NO}$_{\rm x}$ from lightning",
  journal = grl,
  volume = "31",
  pages = "doi:10.1029/2003GL019229",
  year = "2004"
}

@Article{Lafore-1988,
  author = "J.-P. Lafore and J.-L. Redelsperger and G. Jaubert", 
  title = "Comparison between a Three-Dimensional Simulation and {D}oppler Radar Data of a Tropical Squall Line: Transports of Mass, Momentum, Heat, and Moisture",
  journal = jas,
  volume = "45",
  pages = "3483-3500",
  year = "1988"
}

@Article{Lafore-Moncrieff-1989,
  author = "J.-P. Lafore and M. W. Moncrieff", 
  title = "A numerical investigation of the organization and interaction of the convective and stratiform regions of tropical squall lines",
  journal = jas,
  volume = "46", 
  pages = "521-544",
  year = "1989"
}

@Article{Lafore-1998,
  author =      "Lafore, J.-P. and Stein, J. and Asencio, N. and Bougeault, P. and Ducrocq, V. and Duron, J. and Fischer, C. and Hereil, P. and Mascart, P. and Masson, V. and Pinty, J.-P. and Redelsperger, J.-L. and Richard, E.  and Vila-Guerau de Arellano, J.",
  title =       "The {M}eso-{NH} atmospheric simulation system. {P}art {I}: adiabatic formulation and control simulations",
  journal =     ang,
  year =        "1998",
  volume =      "16",
  pages =       "90-109"
}

@Article{Laing-Fritsch-1993,
  author = "A. G. Laing and J. M. Fritsch",
  title = "Mesoscale Convective Complexes in {A}frica",
  journal = mwr,
  volume = "121", 
  pages = "2254-2263",
  year = "1993"
}

@Article{Laing-2008,
  author = "A. G. Laing and R. Carbone and V. Levizzani and J. Tuttle",
  title = "The propagation and diurnal cycles of deep convection in northern tropical {A}frica",
  journal = qjrms,
  volume = "134",
  number = "630",
  pages = "93-109",
  doi = "10.1002/qj.194",
  year = "2008"
}

@Article{Lang-2000,
  author = "T. J. Lang and S. A. Rutledge and J. E. Dye and M. Venticinque and P. Laroche and E. Defer",
  title = "Anomalously low negative cloud-to-ground lightning flash rates in intense convective storms observed during {STERAO}-{A}",
  journal = mwr,
  volume = "128",
  pages = "160-173",
  year = "2000"
}

@Article{Lang-2002,
  author = "T. J. Lang and S. A. Rutledge",
  title = "Relashionships between convective storm kinematics, precipitation, and lightning",
  journal = mwr,
  volume = "130",
  number = "",
  pages = "2492-2506",
  year = "2002",
}

@Article{Lang-2004,
  author = "T. J. Lang and L. J. Miller and M. Weisman and S. A. Rutledge and L. J. Barker III and V. N. Bringi and V. Chandrasekar and A. Detwiler and N. Doesken and J. Helsdon and C. Knight and P. Krehbiel and W. A. Lyons and D. MacGorman and E. Rasmussen and W. Rison and W. D. Rust and R. J; Thomas",
  title = "The {S}evere {T}hunderstorm {E}lectrification and {P}recipitation {S}tudy",
  journal = bams,
  volume = "",
  number = "",
  pages = "1107-1125",
  year = "2004"
}

@Unpublished{Laroche-1994,
  author = "P. Laroche and A. Bondiou and P. Blanchet and J. Pig\`ere",
  title = "3{D} {VHF} mapping of lightning discharge within a storm",
  journal = "",
  note = "paper presented at Foudre et Montagne 94, Chamonix, France",
  year = "1994"
}

@Article{Lascaux-2006,
  author  = "F. Lascaux and E. Richard and J.-P. Pinty",
  title   = "Numerical simulations of three different {MAP} {IOP}s and the associated microphysical processes",
  journal = qjrms,
  volume  = "132",
  pages   = "1907-1926",
  year    = "2006"
}

@Article{Lassegues-1997,
  author = "P. Lass\`egues and F. Helloco and M. Kerdoncuff and C. Gu\'egen",
  title = "El\'ements d'une climatologie des caract\'eristiques des impacts de foudre",
  journal = "note du SCEM n$^{\circ}$ 26",
  volume = "M\'et\'eo-France",
  pages = "28 pp.",
  year = "1997"
}

@Inproceedings{Latham-1962,
  author = "J. Latham and B. J. Mason",
  booktitle = "Proc. R. Soc. London, Ser. A",
  title = "Electrical charging of hail pellets in a polarizing electric field",
  pages = "387-401",
  year = "1962"
}

@Article{Latham-1981,
  author = "J. Latham",
  title = "The electrification of thunderstorms",
  journal = qjrms,
  volume = "107",
  number = "",
  pages = "277-298",
  year = "1981"
}

@Article{Latham-2004,
  author = "J. Latham and A. M. Blyth and H. J. Christian and W. Deierling and A. M. Gadian",
  title = "Determination of precipitation rates and yields from lightning measurements",
  journal = "J. Hydrology",
  volume = "288",
  number = "",
  pages = "13-19",
  year = "2004"
}

@article{Lavaysse-2009,
Author = "C. Lavaysse and Flamant, C. and Janicot, S. and Parker, D. J. and
   Lafore, J. -P. and Sultan, B. and Pelon, J.",
Title = "Seasonal evolution of the West African heat low: a climatological
   perspective",
Journal = "Climate Dynamics",
Year = "2009",
Volume = "33",
Number = "2-3",
Pages = "313-330",
Month = "AUG",
DOI = "10.1007/s00382-009-0553-4",
ISSN = "0930-7575",
Unique-ID = "ISI:000267103700011",
}

@article{Lavaysse-2010,
Author = {C. Lavaysse and Flamant, C. and Janicot, S. and Knippertz, P.},
Title = {{Links between African easterly waves, midlatitude circulation and
   intraseasonal pulsations of the West African heat low}},
Journal = qjrms,
Year = {{2010}},
Volume = {{136}},
Number = {{Sp. Iss. SI Suppl. 1}},
Pages = {{141-158}},
Month = {{JAN}},
DOI = "10.1002/qj.555",
ISSN = {{0035-9009}},
Unique-ID = {{ISI:000276806300011}},
}


@Article{Latham-2007,
  author  = "J. Latham and W. A. Petersen and W. Deierling and H. J. Christian",
  title   = "Field identification of a unique globally dominant mechanism of thunderstorm electrification",
  journal = qjrms,
  volume  = "133",
  number  = "627",
  pages   = "1453-1457",
  year    = "2007"
}

@Article{Law-2010,
AUTHOR = {Law, K. S. and Fierli, F. and Cairo, F. and Schlager, H. and Borrmann, S. and Streibel, M. and Real, E. and Kunkel, D. and Schiller, C. and Ravegnani, F. and Ulanovsky, A. and d'Amato, F. and Viciani, S. and Volk, C. M.},
TITLE = {Air mass origins influencing TTL chemical composition over West Africa during 2006 summer monsoon},
JOURNAL = acp,
VOLUME = {10},
YEAR = {2010},
PAGES = {10753-10770},
DOI = {doi:10.5194/acp-10-10753-2010}
}

@Article{Lawrence-2003,
  author  = "Lawrence, M. G. and R. von Kuhlmann and M. Salzmann",
  title   = "The balance of effects of deep convective mixing on tropospheric ozone ",
  journal = grl,
  volume  = "30",
  doi   = "10.1029/2003GL017644",
  year    = "2005"
}

@Article{Lawrence-2005,
  author  = "Lawrence, M. G. and Rasch, P. J.",
  title   = "Tracer Transport in Deep Convective Updrafts: Plume Ensemble versus Bulk Formulations",
  journal = jas,
  volume  = "62",
  pages   = "2880–2894",
  year    = "2005"
}

@Article{Lay-2004,
  author = "E. H. Lay and R. H. Holzworth and C. J. Rodger and J. N. Thomas and O. Pinto Jr. and R. L. Dowden",
  title = "{WWLL} global lightning detection system : regional validation study in {B}razil",
  journal = grl,
  volume = "31",
  pages = "doi:10.1029/2003GL018882",
  year = "2004"
}

@Article{Leary-1979,
  author = "C. A. Leary and R. A. Houze",
  title = "Melting and evaporating of hydrometeors in precipitation from the anvil clouds of deep tropical convection",
  journal = jas,
  volume = "36",
  number = "",
  pages = "669-679",
  year = "1979"
}

@Article{Lebeaupin-2006,
  author = "C. Lebeaupin and V. Ducrocq and H. Giordani", 
  title = "Sensitivity of {M}editerranean torrential rain events to the sea surface temperature based on high-resolution numerical forecasts", 
  journal = jgr,
  volume = "111",
  number = "D12110",
  doi = "10.1029/2005JD006541", 
  year = "2006"
}

@Article{Lebel-2009,
  author = "T. Lebel and D. J. Parker and C. Flamant and B. Bourles and B. Marticorena and E. Mougin and C. Peugeot and A. Diedhiou and J. M. Haywood and J. B. Ngamini and J. Polcher and J.-L. Redelsperger and C. D. Thorncroft",
  title = "The {AMMA} field campaigns: {M}ultiscale and multidisciplinary observations in the {W}est {A}frican region",
  journal = qjrms,
  volume = "This issue",
  pages = "in revision",
  year = "2009"
}

@Article{Lebarbe-Lebel-1997,
  author = "Le Barb\'e, L. and Lebel, T.",
  title = "Rainfall climatology of the {HAPEX}-{S}ahel region during the years 1950-1990",
  journal = "J. Hydrol.",
  volume = "188-189",
  pages = "43-73",
  year = "1997"
}

@Article{Lee-1997,
  author = "D. S. Lee and I. K{\"o}hler and E. Grobler and F. Rohrer and R. Sausen and L. Gallardo-Klenner and J. G. J. Olivier and F. J. Dentener and A. F. Bouwman",
  title = "Estimations of global NO$_{\rm x}$ emissions and their uncertainties",
  journal = atmenv,
  volume = "31",
  number = "12",
  pages = "1735-1749",
  year = "1997"
}

@Article{Lelieveld-1994,
  author = "J. Lelieveld and P.J. Crutzen",
  title = "Role of deep convection in the ozone budget of the troposphere",
  journal = science,
  volume = "264",
  pages = "1759-1761",
  year = "1994"
}


@Article{Levy-1996,
  author = "H. Levy and W. J. Moxim and P. S. Kasibhatla",
  title = "A global three-dimensional time-dependant lightning source of tropospheric {NO}$_{\rm x}$",
  journal = jgr,
  volume = "101",
  number = "D17",
  pages = "22,911-22,922",
  year = "1996"
}

@Article{Lin-1983,
  author = "Y.-L. Lin and R. D. Farley and H. D. Orville",
  title = "Bulk parameterization of the snow field in a cloud model",
  journal = "J. Clim. Appl. Meteor.",
  volume = "22",
  number = "",
  pages = "1065-1092",
  year = "1983"
}

@Article{Liu-2001,
  author = "C. Liu and M. W. Moncrieff and W. W. Grabowski",
  title = "Explicit and parameterized realizations of convective cloud systems 
in TOGA-COARE",
  journal = mwr,
  volume = "129",
  number = "",
  pages = "1698-1703",
  year = "2001"
}

@article{Lopez-2006,
Author = {Lopez, JP and Fridlind, AM and Jost, HJ and Loewenstein, M and
   Ackerman, AS and Campos, TL and Weinstock, EM and Sayres, DS and Smith,
   JB and Pittman, JV and Hallar, AG and Avallone, LM and Davis, SM and
   Herman, RL},
Title = {{CO signatures in subtropical convective clouds and anvils during
   CRYSTAL-FACE: An analysis of convective transport and entrainment using
   observations and a cloud-resolving model}},
Journal = jgr,
Year = {{2006}},
Volume = {{111}},
Number = {{D9}},
Month = {{MAY 6}}
}

@Article{Lothon-2008,
  author = "M. Lothon and F. Said and F. Lohou and B. Campistron",
  title = "Observation of the diurnal cycle in the low troposphere of {W}est {A}frica",
  journal = mwr,
  volume = "136",
  number = "",
  pages = "3477-3500",
  doi = "10.1175/2008MWR2427.1",
  year = "2008"
}

@Article{Lu-2000,
  author = "R. Lu and C. Lin and R. Turco and A. Arakawa",
  title = "Cumulus transport of chemical tracers 1) cloud-resolving simulations",
  journal = jgr,
  volume = "105",
  pages = "10,001-10,021",
  year = "2000"
}

@Article{Lyons-2003,
  author = "W. A. Lyons and T. E. Nelson and R. A. Armstrong and V. P. Pasko and M. A. Stanley",
  title = "Upward electrical discharges from thuderstorm tops",
  journal = bams,
  volume = "",
  number = "",
  pages = "445-454",
  year = "2003"
}

@Article{MacCarthy-1985,
  author = "M. P. MacCarthy and G. K. Parks",
  title = "Further observations of {X}-rays inside thunderstorms",
  journal = grl,
  volume = "12",
  number = "",
  pages = "393-396",
  year = "1985"
}

@Article{MacCarthy-1992,
  author = "M. P. MacCarthy and G. K. Parks",
  title = "On the modulation of {X}-rays fluxes in thunderstorms",
  journal = jgr,
  volume = "97",
  number = "",
  pages = "5857-5864",
  year = "1992"
}

@Article{MacGorman-1989,
  author = "D. R. MacGorman and D. W. Burgess and V. Mazur and W. D. Rust and W. L. Taylor and B. C. Johnson",
  title = "Lightning rates relative to tornadic storm evolution on 22 {M}ay 1981",
  journal = jas,
  volume = "46",
  number = "2",
  pages = "221-250",
  year = "1989"
}

@Article{MacGorman-1998,
  author = "D. R. MacGorman and C. D. Morgenstern",
  title = "Some characteristics of cloud-to-ground lightning in mesoscale convective systems",
  journal = jgr,
  volume = "103",
  number = "",
  pages = "14,011-14,023",
  year = "1998"
}

@Book{MacGorman-Rust,
  author = "D. R. MacGorman and W. D. Rust",
  title = "The electrical nature of storms",
  publisher = "Oxford Univ. Press",
  pages = "422 pp.",
  year = "1998"
}

@Article{MacGorman-2001,
  author = "D. R. MacGorman and J. M. Straka and C. L. Ziegler",
  title = "A lightning parameterization for numerical cloud model",
  journal = jam,
  volume = "40",
  number = "",
  pages = "459-478",
  year = "2001"
}

@Phdthesis{Mansell-2000,
  author = "E. R. Mansell",
  title = "Electrification and Lightning in Simulated Supercell and Non-supercell Thunderstorms",
  school = "Univ. Oklahoma",
  year = "2000",
  pages = "211 pp."
}

@Article{Mansell-2002,
  author = "E. R. Mansell and D. MacGorman and C. L. Ziegler and J. M. Straka",
  title = "Simulated three-dimensional branched lightning in a numerical thunderstorm model",
  journal = jgr,
  volume = "107",
  number = "",
  pages = "doi:10.1029/2000JD000244",
  year = "2002"
}

@Inproceedings{Mansell-2003,
  author = "E. R. Mansell",
  booktitle = "12th {I}nternational {C}onference on {A}tmospheric {E}lectricity",
  title = "Recent results from thunderstorm electrification modeling",
  pages = "119-122",
  year = "2003"
}

@Article{Mansell-2005,
  author = "E.R. Mansell and D. R. MacGorman and C. L. Ziegler and J. M. Straka",
  title = "Charge structure and lightning sensitivity in a simulated multicell thunderstorm",
  journal = jgr,
  volume = "110",
  pages = "doi:10.1029/2004JD005287",
  year = "2005"
} 

@Article{Mansell-2010,
  author = "E. R. Mansell and C. L. Ziegler and E. C. Bruning",
  title = "Simulated electrification of a small thunderstorm with two-moment bulk microphysics",
  journal = jas,
  volume = "67", 
  pages = "171-194",
  doi = "10.1175/2009JAS2965.1",
  year = "2010"
}

@Article{Mari-2000,
  author = "C. Mari and D.J. Jacob and P. Bechtold",
  title = "Transport and scavenging of soluble gases in a deep convective cloud"
,
  journal = jgr,
  year = "2000",
  volume = "105",
  pages = "22255-22263"
}

@article{Mari-2002,
Author = {Mari, C and Saut, C and Jacob, DJ and Staudt, A and Avery, MA and
   Brune, WH and Faloona, I and Heikes, BG and Sachse, GW and Sandholm, ST
   and Singh, HB and Tan, D},
Title = {{On the relative role of convection, chemistry, and transport over the
   South Pacific Convergence Zone during PEM-Tropics B: A case study}},
Journal = jgr,
Year = {{2002}},
Volume = {{108}},
Number = {{D2}},
}

@Article{Kain-1993,
  author =      "J. Kain and J. Fritsch",
  title =       "Convective parameterization for mesoscale models: {T}he {K}ain-{F}itsch scheme",
  journal =     "Meteo. Monographs",
  year =        "1993",
  volume =      "46",
  OPTnumber =   "",
  pages =       "165-170",
  OPTmonth =    "",
  OPTnote =     ""
}

@Article{MacGorman-1981,
  author = "D. R. MacGorman and A. A. Few and T. L. Teer",
  title = "Layered Lightning Activity",
  journal = jgr,
  volume = "86",
  number = "C10",
  pages = "9900-9910",
  year = "1981"
}

@Article{Mari-2010,
  author = "C.H. Mari and C.E. Reeves and K.S. Law and G. Ancellet and  M.D. Andr\'es-Hern\'andez and  B. Barret and  J. Bechara and  A. Borbon and  I. Bouarar and  F. Cairo and  R. Commane and  C. Delon and  M.J. Evans and  F. Fierli and  C. Floquet and  C. Galy-Lacaux and  D.E. Heard and  C.D. Homan and  T. Ingham and  N. Larsen and  A.C. Lewis and  C. Liousse and  J.G. Murphy and  E. Orlandi and  D.E. Oram and  M. Saunois and  D. Ser\c{c}a and  D.J. Stewart and  D. Stone and  V. Thouret and  P. van Velthoven and J.E.. Williams" ,
  title = "Atmospheric composition of West Africa: highlights from the AMMA international program",
  journal = asl,
  volume = "",
  number = "",
  doi ="10.1002/asl.289",
  pages = "",
  year = "2010"
}

@Article{Marshall-1978,
  author = "B. J. P. Marshall and J. Latham and C. P. R. Saunders",
  title = "A laboratory study of charge transfer accompagnying collision of ice crystals with a simulated hailstone",
  journal = qjrms,
  volume = "104",
  number = "",
  pages = "163-178",
  year = "1978"
}

@Article{Marshall-1995,
  author = "T. C. Marshall and M. P. MacCarthy and W. D. Rust",
  title = "Electric field magnitudes and lightning initiation in thunderstorms",
  journal = jgr,
  volume = "100",
  number = "",
  pages = "7097-7103",
  year = "1995"
}

@Article{Marshall-1995a,
  author = "T. C. Marshall and W. D. Rust and M. Stolzenburg",
  title = "Electrical structure and updraft speeds in thunderstorms over the southern {G}reat {P}lains",
  journal = jgr,
  volume = "100",
  number = "D1",
  pages = "1001-1015",
  year = "1995a"
}

@Article{Marshall-2005,
  author = "T. C. Marshall and M. Stolzenburg and C. R. Maggio and L. M. Coleman and P. R. Krehbiel and T. Hamlin and R. J. Thomas and W. Rison",
  title = "Observed electric fields associated with lightning initiation",
  journal = grl,
  volume = "32",
  number = "",
  pages = "doi:10.129/2004GL021802",
  year = "2005"
}

@Article{Masson-2000,
  author  = "V. Masson",
  title   = "A physically-based scheme for the urban energy balance in atmospheric models", 
  journal = "Boundary Layer Meteorol.", 
  volume  = "94", 
  pages   = "357-397",
  year    = "2000"
}

@Article{Masson-2003,
  author  = "V. Masson and J.-L. Champeaux and C. Chauvin and C. Meriguet and R. Lacaze", 
  title   = "A global database of land surface parameters at 1 km resolution for use in meteorological and climate models", 
  journal = jc,
  volume  = "16", 
  pages   = "1261-1282", 
  year    = "2003"
}

@Article{Mathon-2002,
  author = "V. Mathon and H. Laurent and T. Lebel",
  title = "Mesoscale convective system rainfall in the sahel",
  journal = jam,
  volume = "41",
  pages = "1081-1092",
  year = "2002"
}

@Article{Mazur-1998,
  author = "V. Mazur and L. H. Ruhnke",
  title = "Model of electric charges in thunderstorms and associated lightning",
  journal = jgr,
  volume = "103",
  number = "",
  pages = "23,299-23,308",
  year = "1998"
}

@Article{McBride-Gray-1979,
  author = "J. L. McBride and W. M. Gray",
  title = "Mass divergence in tropical weather systems. {P}art {II}: {L}arge scale controls on convection",
  journal = qjrms,
  volume = "106",
  pages = "517-538",
  year = "1979"
}

@Article{Meijer-2000,
  author = " E. W. Meijer and P. F. J. vanVelthoven and A. M. Thompson and L. Pfister and H. Schlager and P. Schulte and H. Kelder",
  title = "Model calculations of the impact of {NO}$_{\rm x}$ from air traffic, lightning, and surface emissions, compared with measurements",
  journal = jgr,
  volume = "105",
  pages = "3833-3850",
  year = "2000"
}

@Article{Meijer-2001,
  author = "E. W. Meijer and P. F. J. vanVelthoven and D. W. Brunner and H. Huntrieser and H. Kelder",
  title = "Improvement and evaluation of the parameterization of nitrogen oxide production by lightning",
  journal = "Phys. Chem. Earth (C)",
  volume = "26",
  number = "8",
  pages = "577-583",
  year = "2001"
}

@TechReport{Merceret-Ward-2002,
  author      = "F. J. Merceret and J. G. Ward",
  year        = "2002",
  title       = "Attenuation of weather radar Signals due to wetting of the radome by rainwater or imcomplete filling of the beam volume",
  institution = "NASA Technical Memorandum",
  address     = "",
  type        = "",
  number      = "TM-2002-211171"
}

@Article{Meyers-1997,
  author  = "M. P. Meyers and R. L. Walko and J. Y. Harrington and W. R. Cotton",
  title   = "New {RAMS} cloud microphysics parameterization. {P}art {II}: {T}he two-moment scheme",
  journal = ar,
  volume  = "45",
  pages   = "3-39",
  year    = "1997"
}

@Article{Milbrandt-2005,
  author  = "J. Milbrandt and M. K. Yau",
  title   = "A multimoment bulk microphysics parameterization. {P}art {II}: {A} proposed three-moment closure and scheme description",
  journal = jas,
  volume  = "62",
  pages   = "3065-3081",
  year    = "2005"
}

@Article{Miller-2001,
  author = "K. Miller and A. Gadian and C. Saunders and J. Latham and H. Christian",
  title = "Modelling and observations of thundercloud electrification and lightning",
  journal = ar,
  volume = "58",
  number = "",
  pages = "89-115",
  year = "2001"
}

@Article{Miller-Slingo-2007,
  author = "M. A. Miller and A. Slingo",
  title = "The {ARM} Mobile Facility and Its First International Deployment: Measuring Radiative Flux Divergence in {W}est {A}frica",
  journal = bams,
  volume = "88",
  pages = "1229-1244",
  year = "2007"
}

@Article{Minga-2010,
AUTHOR = {A. Minga and Thouret, V. and Saunois, M. and Delon, C. and Ser\c{c}a, D. and Mari, C. and Sauvage, B. and Mariscal, A. and Leriche, M. and Cros, B.},
TITLE = {What caused extreme ozone concentrations over Cotonou in December 2005?},
JOURNAL = acp,
VOLUME = {10},
YEAR = {2010},
NUMBER = {3},
PAGES = {895--907},
URL = {http://www.atmos-chem-phys.net/10/895/2010/},
DOI = {10.5194/acp-10-895-2010}
}

@Article{Mlawer-1997,
  author = "Mlawer, E.J. and Taubman, S.J. and Brown, P.D. and Iacono, M.J. and Clough, S.A.",
  title = "Radiative transfer for inhomogeneous atmospheres: {RRTM}, a validated correlated-k model for the longwave",
  journal = jgr,
  volume = "102D", 
  pages = "16,663-16,682", 
  year = "1997"
}

@Article{Mo-2002,
  author = "Q. Mo and J. H. Helsdon and W. P. Winn",
  title = "Aircraft observations of the creation of lower positive charges in thunderstorms",
  journal = jgr,
  volume = "107",
  number = "D22",
  pages = "doi:10.1029/2002JD002099",
  year = "2002"
}

@Article{Molinie-2002,
  author = "G. Molini\'e and J. P. Pinty and F. Roux",
  title = "Some microphysical and electrical aspects of a {C}loud {R}esolving {M}odel : description and thunderstorm case study",
  journal = "C. R. Physique",
  volume = "3",
  number = "",
  pages = "1-20",
  year = "2002"
}

@Article{Moncrieff-1992,
  author = "M. W. Moncrieff", 
  title = "Organized convective systems: Archetypal dynamical models, mass and momentum flux theory, and parametrization",
  journal = qjrms,
  volume = "118",
  pages = "819-850",
  year = "1992"
}

@Article{Montmerle-2000,
  author = "Montmerle, T. and Lafore, J.-P. and Redelsperger, J.-L.",
  title = "A tropical squall line observed during {TOGA-COARE}: {E}xtented comparisons between simulations and {D}oppler radar data and the role of mid-level wind shear",
  journal = mwr, 
  volume = "128", 
  pages = "3709-3730",
  doi = "10.1175/1520-0493",
  year = "2000"
}

@Article{Morcrette-1991,
  author  = "J.-J. Morcrette",
  title   = "Radiation and cloud radiative properties in the {E}uropean center for medium range weather forecasts forecasting system",
  journal = jgr,
  volume  = "96",
  pages   = "9121-9132",
  year    = "1991"
}

@Article{Morel-Senesi-2002,
  author = "C. Morel and S. Senesi",
  title = "A climatology of mesoscale convective systems over {E}urope using satellite infrared imagery. {I}: {M}ethodology", 
  journal = qjrms,
  volume = "128",
  pages = "1953-1971",
  year = "2002"
}

@Article{Mohr-1999,
  author = "K. I. Mohr and J. S. Famiglietti and E. J. Zipser",
  title = "The Contribution to Tropical Rainfall with respect to Convective System Type, Size, and Intensity Estimated from the 85-{GH}z Ice-Scattering Signature",
  journal = jam,
  volume = "38",
  pages = "596-606",
  year = "1999"
}

@Article{Mullendore-2005,
  author = "G. L. Mullendore and D. R. Durran and J. R. Holton",
  title = "Cross-tropopause tracer transport in midlatitude convection",
  journal = jgr,
  volume = "110",
  number = "D06113",
  doi = "10.1029/2004JD005059",
  year = "2005"
}

@Article{Musil-1970,
  author = "D. J. Musil",
  title = "Computer modeling of hailstone growth in feeder clouds",
  journal = jas,
  volume = "27",
  number = "3",
  pages = "474-482",
  year = "1970"
}

@Article{Neelin-2008,
  author = " J.D. Neelin and O. Peters and J.W.-B Lin and K. Hales and C.E Holloway
",
  title = "Rethinking convective quasi-equilibrium: observational constraints for stochastic convective schemes in climate models",
  journal = ptrsa,
  volume = "366",
  pages = "2579-2602",
  doi="doi:10.1098/rsta.2008.0056",
  year = "2008"
}


@Article{Nelson-2003,
  author = "J. Nelson and M. B. Baker",
  title = "Charging of ice-vapor interfaces : applications to thunderstorms",
  journal = "Atmos. Chem. Phys.",
  volume = "3",
  pages = "1237-1252",
  year = "2003"
}

@Article{Neubert-2005,
  author = "T. Neubert and T. H. Allin and E. Blanc and T. Farges and C. Haldoupis and A. Mika and S. Soula and L. Knutsson and O. van der Velde and R. A. Marshall and U. Inan and G. S\'atori and J. B\'or and A. Hughes and A. Collier and S. Laursen and I. L. Rasmussen",
  title = "Co-ordinated observations of transient luminous events during the {E}uro{S}prite2003 campaign",
  journal = jastp,
  volume = "",
  number = "",
  pages = "",
  year = "2005"
}

@Article{Niemeyer-1984,
  author = "L. Niemeyer and L. Pietronero and H. J. Wiesmann",
  title = "Fractal dimension of dielectric breakdown",
  journal = "Phys. Rev. Let.",
  volume = "52",
  number = "12",
  pages = "1033-1036",
  year = "1984"
}

@Article{Noilhan-Planton-1989,
  author  = "J. Noilhan and S. Planton",
  title   = "A simple parameterization of land surface processes for meteorological models",
  journal = mwr,
  volume  = "117",
  pages   = "536-549",
  year    = "1989"
}

@Article{Noilhan-Mahfouf-1995,
  author =      "J. Noilhan and J.-F. Mahfouf",
  title =       " The isba land surface parameterisation scheme",
  journal =     "Glob. Planet. Change",
  year =        "1995",
  volume =      "13",
  OPTnumber =   "",
  pages =       "145-159",
  OPTmonth =    "",
  OPTnote =     ""
}

@Article{Norville-1991,
  author = "K. Norville and M. Baker and J. Latham",
  title = "A numerical study of thunderstorm electrification: model development and case study",
  journal = jgr,
  volume = "96",
  number = "D4",
  doi = "10.1029/90JD02577",
  pages = "7463-7481",
  year = "1991"
}

@Article{Nuret-2008,
  author = "M. Nuret and J.-P. Lafore and O. Bock and F. Guichard and A. Agusti-Panareda and J.-B. Ngamini and J.-L. Redelsperger",
  title = "Correction of Humidity Bias for {V}aisala {RS}80-{A} Sondes during the {AMMA} 2006 Observing Period",
  journal = jaot,
  volume = "25",
  pages = "2152-2158",
  year = "2008"
}

@Article{Orville-2000,
  author = "R. E. Orville and G. Huffines and J. Nielsen-Gammon and R. Zhang and B. Ely and S. Steiger and S. Phillips and S. Alllen and W. Read",
  title = "Enhancement of cloud-to-ground ligthning over {H}ouston, {T}exas",
  journal = grl,
  volume = "28",
  number = "13",
  pages = "2597-2600",
  year = "2000"
} 

@Article{Orville-2004,
  author = "R. E. Orville and R. Zhang and J. Nielsen-Gammon and D. Collins and B. Ely and S. Steiger",
  title = "Scientific overview and operational plan for {HEAT}-{S}ummer 2005",
  journal = "{NSF} proposal of the {HEAT} project",
  volume = "",
  pages = "",
  year = "2004"
}

@Article{Ott-2007,
  author = "L. E. Ott and K. E. Pickering and G. Stenchikov and H. Huntrieser and U. Schumann",
  title = "Effects of lightning {NO}$_{\rm x}$ production during the 21 {J}uly {E}uropean {L}ightning {N}itrogen {O}xides {P}roject storm studied with a three-dimensional cloud-scale chemical transport model",
  journal = jgr,
  volume = "112",
  pages = "doi:1029/2006JD007365",
  year = "2007"
}

@Article{Parker-2001,
  author = "M. D. Parker and R. H. Johnson",
  title = "Organized modes of midlatitude mesoscale convective systems",
  journal = mwr,
  volume = "128",
  pages = "3414-3436",
  year = "2001"
}

@Article{Parker-2005,
  author = "D. J. Parker and R. R. Burton and A. Diongue-Niang and R. J. Ellis and M. Felton and C. M. Taylor and C. D. Thorncroft and P. Bessemoulin and A. M. Thompkins",
  title = "The diurnal cycle of the {W}est {A}frican monsoon circulation",
  journal = qjrms,
  volume = "131",
  pages = "2839-2860",
  year = "2005"
}

@Article{Parker-2008,
  author = "Parker, D. J. and Fink, A. and Janicot, S. and Ngamini, J. B. and Douglas, M. and Afiesimama, E. and Agusti-Panareda, A. and Beljaars, A. and Dide, F. and Diedhiou, A. and Lebel, T. and Polcher, J. and Redelsperger, J.-L. and Thorncroft, C. and Ato Wilson, G.",
  title = "The {AMMA} Radiosonde Program and its Implications for the Future of Atmospheric Monitoring Over {A}frica",
  journal = bams,
  volume = "89", 
  pages = "1015-1027",
  year = "2008"
}

@Article{Parker-2004,
Author = {Parker, MD and Johnson, RH},
Title = {{Structures and dynamics of quasi-2D mesoscale convective systems}},
Journal = jas,
Year = {{2004}},
Volume = {{61}},
Number = {{5}},
Pages = {{545-567}},
Month = {{MAR}},
Publisher = {{AMER METEOROLOGICAL SOC}},
Address = {{45 BEACON ST, BOSTON, MA 02108-3693 USA}},
Type = {{Article}},
Language = {{English}},
Affiliation = {{Parker, MD (Reprint Author), Univ Nebraska, Dept Geosci, 214 Bessey Hall, Lincoln, NE 68588 USA.
   Univ Nebraska, Dept Geosci, Lincoln, NE 68588 USA.
   Colorado State Univ, Dept Atmospher Sci, Ft Collins, CO 80523 USA.}},
ISSN = {{0022-4928}},
Keywords-Plus = {{MIDLATITUDE SQUALL LINE; DOPPLER RADAR ANALYSIS; PRECIPITATION
   STRUCTURE; CELL REGENERATION; STRATIFORM RAIN; TRAILING REGION;
   HIGH-PLAINS; PART I; SHEAR; EVOLUTION}},
Subject-Category = {{Meteorology \& Atmospheric Sciences}},
Author-Email = {{parker@updraft.unl.edu}},
Number-of-Cited-References = {{50}},
Times-Cited = {{29}},
Journal-ISO = {{J. Atmos. Sci.}},
Doc-Delivery-Number = {{780PR}},
Unique-ID = {{ISI:000189390900004}},
}

@Article{Pasko-2003,
  author = "V. P. Pasko",
  title = "Electric jets",
  journal = nature,
  volume = "423",
  number = "",
  pages = "927-929",
  year = "2003"
}

@Article{Pereyra-2000,
  author = "R. G. Pereyra and E. E. Avila and N. E. Castellano and C. P. R. Saunders",
  title = "A laboratory study of graupel charging",
  journal = jgr,
  volume = "105",
  number = "",
  pages = "20803-20812",
  year = "2000"
}

@Inproceedings{Pessi-2005,
  author = "A. Pessi and S. Businger and T. Cherubini and K. L. Cummins and T. Turner",
  booktitle = "European Geosciences Union",
  title = "The use of lightning data to improve storm simulations over the {P}acific {O}cean",
  year = "2005"
}

@Article{Petersen-2001,
  author = "W. A. Petersen and S. A. Rutledge",
  title = "Regional variability in tropical convection: {O}bservations from {TRMM}",
  journal = jc,
  volume = "14",
  number = "",
  pages = "3566-3586",
  year = "2001"
}

@Article{Petersen-2003,
  author = "W. A. Petersen and R. Cifelli and D. J. Boccippio and S.A. Rutledge and C. Fairall",
  title = "Convection and Easterly Wave Structures Observed in the {E}astern {P}acific Warm Pool during {EPIC}-2001",
  journal = jas,
  volume = "60",
  pages = "1754-1773",
  year = "2003"
}

@Inproceedings{Petersen-Boccippio-2004,
  author = "W. A. Petersen and D. J. Boccippio",
  title = "Variability of convective structure and lightning activity in tropical easterly waves",
  booktitle = "26th {C}onference on {H}urricanes and {T}ropical {M}eteorology", 
  pages = "",
  address = "American Meteorological Society, Miami, Florida", 
  year = "2004"
}

@Article{Petersen-2005-grl,
  author  = "W. A. Petersen and H. J. Christian and S. A. Rutledge",
  title   = "{TRMM} observations of the global relationship between ice water content and lightning",
  journal = grl,
  volume  = "32",
  OPTnumber  = "",
  doi     = "10.1029/2005GL023236",
  year    = "2005"
}

@Inproceedings{Petersen-2005,
  author = "W. A. Petersen and D. J. Boccippio and H. J. Christian",
  booktitle = "Conference on {M}eteorological {A}pplications of {L}ightning {D}ata",
  title = "{TRMM} observations of the basic relationship between ice water content and lightning",
  pages = "",
  address = "San Diego, CA",
  year = "2005"
}

@Article{Petrov-1993,
  author = "N. I. Petrov and G. N. Petrova",
  title = "Physical mechanisms for intracloud lightning discharges",
  journal = "Technical Physics",
  volume = "44",
  number = "",
  pages = "472-475",
  year = "1993"
}

@Article{Payne-McGarry-1977,
  author = "S. W. Payne and M. M. McGarry",
  title = "The relationship of satellite inferred convective activity to easterly waves over {W}est {A}frica and the adjacent ocean during {P}hase {III} of {GATE}",
  journal = mwr,
  volume = "105",
  pages = "413-420",
  year = "1977"
}

@Article{Peyrille-2007,
  author = "P. Peyrill\'e and J.-P. Lafore and J.-L. Redelsperger",
  title = "An Idealized Two-Dimensional Framework to Study the {W}est {A}frican Monsoon. {P}art {I}: Validation and Key Controlling Factors",
  journal = jas,
  volume = "64",
  pages = "2765-2782",
  year = "2007"
}

@Article{Peyrille-Lafore-2007,
  author = "P. Peyrill\'e and J.-P. Lafore",
  title = "An Idealized Two-Dimensional Framework to Study the {W}est {A}frican Monsoon. {P}art {II}: Large-Scale Advection and the Diurnal Cycle",
  journal = jas,
  volume = "64",
  pages = "2783-2803",
  year = "2007"
}

@ARTICLE{Pickering-1998,
  AUTHOR =       "Pickering, K. E. and Y. Wang and W. K. Tao and C. Price and J.-F. M{\"u}ller",
  TITLE =        "Vertical distributions of lightning {NO}$_{\rm x}$ for use in regional and global chemical transport models",
  JOURNAL =      jgr,
  VOLUME =       "103",
  NUMBER =       "D23",
  PAGES =        "31203-31216",
  YEAR =         "1998"
}

@Inproceedings{Pinty-Jabouille-1998,
  author = "J.-P. Pinty and P. Jabouille",
  booktitle = "Conference of Cloud Physics",
  title = "A mixed-phase cloud parameterization for use in mesoscale non hydrostatic model : simulations of a squall line and of orographic precipitations",
  pages = "217-220",
  address = "Everett, WA, USA",
  year = "1998"
}

@Article{Pinty-Barthe-2008,
  author  = "J.-P. Pinty and C. Barthe",
  title   = "Ensemble simulation of the lightning flash variability in a 3-D cloud model with parameterizations of cloud electrification and lightning flashes",
  journal = mwr,
  volume  = "136",
  number  = "1",
  pages   = "380-387",
  year    = "2008"
}  

@Article{Popp-2004,
  author  = "P. J. Popp and R. S. Gao and T. P. Marcy and D. W. Fahey and P. K. Hudson and T. L. Thompson and B. K{\"a}rcher and B. A. Ridley and A. J. Weinheimer and D. J. Knapp and D. D. Montzka and D. Baumgardner and T. J. Garrett and E. M. Weinstock and J. B. Smith and D. S. Sayres and J. V. Pittman and S. Dhaniyala and T. P. Bui and M. J. Mahoney",
  title   = "Nitric acid uptake on subtropical cirrus cloud particles",
  journal = jgr,
  volume  = "109",
  number  = "D06302",
  doi     = "10.1029/2003JD004255",
  year    = "2004"
}

@Article{Prather-1997,
  author  = "M.J. Prather and D.J. Jacob",
  title   = "A persistent imbalance in HOx and NOx photochemistry of the upper troposphere driven by deep tropical convection",
  journal = grl,
  volume  = "24",
  number  = "",
  doi     = "10.1029/97GL03027",
  year    = "1997"
}

@Article{Price-Rind-1992,
  author = "C. Price and D. Rind",
  title = "A simple lightning parameterization for calculating global lightning distributions",
  journal = jgr,
  volume = "97",
  number = "D9",
  pages = "9919-9933",
  year = "1992"
}

@Article{Price-Rind-1993,
  author = "C. Price and D. Rind",
  title = "What determines the cloud-to-ground lightning fraction in thunderstorms ?",
  journal = grl,
  volume = "20",
  number = "6",
  pages = "463-466",
  year = "1993"
}

@Article{Price-1997,
  author = "C. Price and J. Penner and M. Prather",
  title = "{NO}$_{\rm x}$ from lightning. 1. {G}lobal distribution based on lightning physics",
  journal = jgr,
  volume = "102",
  number = "D5",
  pages = "5929-5941",
  year = "1997"
}

@Article{Price-1997b,
  author = "C. Price and J. Penner and M. Prather",
  title = "{NO}$_{\rm x}$ from lightning. 1. {C}onstraints from the global atmospheric electric circuit",
  journal = jgr,
  volume = "102",
  number = "D5",
  pages = "5943-5951",
  year = "1997"
}

@Article{Price-2000,
  author = "C. Price",
  title = "Evidence for a link between global lightning activity and upper tropospheric water vapor",
  journal = nature,
  volume = "406",
  number = "",
  pages = "290-293",
  year = "2000"
}

@Article{Price-2004,
  author = "C. Price and E. Greenberg and Y. Yair and G. S\'atori and J. B\'or and H. Fukunishi and M. Sato and P. Israelevich and M. Moalem and A. Devir and Z. Levin and J. H. Joseph and I. Mayo and B. Ziv and A. Sternlieb",
  title = "Ground-based detection of {TLE}-producing intense lightning during the {MEIDEX} mission on board the space shuttle {C}olumbia",
  journal = grl,
  volume = "31",
  number = "",
  doi = "10.1029/2004GL020711",
  year = "2004"
}

@Article{Prigent-2005,
  author = "C. Prigent and E. Defer and J. R. Pardo and C. Pearl and W. B. Rossow and J. P. Pinty",
  title = "Relations of polarized scattering signatures observed by the {TRMM} {M}icrowave {I}nstrument with electrical processes in cloud systems",
  journal = grl,
  volume = "32",
  number = "L04810",
  pages = "doi:10.1029/2004GL022225",
  year = "2005"
}

@Article{Proctor-1981,
  author = "D. E. Proctor",
  title = "{VHF} radio pictures of cloud flashes",
  journal = jgr,
  volume = "86",
  number = "C5",
  pages = "4041-4071",
  year = "1981"
}

@Article{Prospero-2003,
  author = "J.M. Prospero and P.J. Lamb",
  title = "African droughts and dust transport to the Caribbean: climate change implications",
  journal = science,
  volume = "302",
  pages = "1024-1026",
  year = "2003"
}

@book{Pruppacher-1996,
  title={Microphysics of Clouds and Precipitation},
  author={Pruppacher, H.R. and Klett, J.D.},
  isbn={9780792342113},
  lccn={2010924629},
  series={Atmospheric and Oceanographic Sciences Library},
  year={1996},
  publisher={Kluwer Academic Publishers}
}

@book{Rakov-2003,
  title={Lightning: Physics and Effects},
  author={Rakov, V.A. and Uman, M.A.},
  isbn={9780521035415},
  year={2003},
  publisher={Cambridge University Press}
}

@Article{Randall-2003,
  author = "D.A. Randall and M. Khairoutdinov and A. Arakawa and W. Grabowski",
  title = "Breaking the cloud-parameterization deadlock",
  journal = bams,
  volume = "84",
  pages = "1547-1564",
  year = "2003"
}

@Article{Randell-1994,
  author = "S. C. Randell and S. A. Rutledge and R. D. Farley and J. H. Helsdon Jr.",
  title = "A modeling study on the early electrical development of tropical convection : continental and oceanic (monsoon) storms",
  journal = mwr,
  volume = "122",
  number = "",
  pages = "1852-1877",
  year = "1994"
}

@Article{Rawlins-1982,
  author = "F. Rawlins",
  title = "A numerical study of thunderstorm electrification  using a three-dimensional model incorporating the ice phase",
  journal = qjrms,
  volume = "108",
  number = "",
  pages = "779-800",
  year = "1982"
}

@Article{Real-2010,
AUTHOR = {E. Real and Orlandi, E. and Law, K. S. and Fierli, F. and Josset, D. and Cairo, F. and Schlager, H. and Borrmann, S. and Kunkel, D. and Volk, C. M. and McQuaid, J. B. and Stewart, D. J. and Lee, J. and Lewis, A. C. and Hopkins, J. R. and Ravegnani, F. and Ulanovski, A. and Liousse, C.},
TITLE = {Cross-hemispheric transport of central African biomass burning pollutants: implications for downwind ozone production},
JOURNAL = acp,
VOLUME = {10},
YEAR = {2010},
NUMBER = {6},
PAGES = {3027--3046},
URL = {http://www.atmos-chem-phys.net/10/3027/2010/},
DOI = {10.5194/acp-10-3027-2010}
}

@Article{Redelsperger-Lafore-1988,
  author = "J.-L. Redelsperger and J.-P. Lafore",
  title = "A Three-Dimensional Simulation of a Tropical Squall Line: Convective Organization and Thermodynamic Vertical Transport",
  journal = jas,
  volume = "45",
  pages = "1334-1356",
  year = "1988"
}

@Article{Redelsperger-Lafore-1994,
  author = "J.-L. Redelsperger and J.-P. Lafore",
  title = "Non-hydrostatic simulations of a cold front observed during the {FRONTS} 87 experiment",
  journal = qjrms,
  volume = "120",
  number = "",
  pages = "519-555",
  year = "1994"
}

@Article{Redelsperger-2002-qj,
  author = "J.-L. Redelsperger and A. Diongue and A. Diedhiou and J.-P. Ceron and M. Diop and J.-F. Gueremy and J.-P. Lafore",
  title = "Multi-scale description of a {S}ahelian synoptic weather system representative of the {W}est {A}frican monsoon",
  journal = qjrms,
  volume = "128",
  pages = "1229-1257",
  year = "2002"
}

@Article{Redelsperger-2002-jas,
  author = "J.-L. Redelsperger and D. B. Parsons and F. Guichard",
  title = "Recovery processes and factors limiting cloud-top height following the arrival of a dry intrusion observed during {TOGA COARE}",
  journal = jas,
  volume = "59",
  pages = "2438-2457",
  year = "2002"
}


@Article{Redelsperger-2006,
  author = "J.-L. Redelsperger and D. Thorncroft and A. Diedhiou and T. Lebel and D. Parker and J. Polcher",
  title = "African monsoon multiplidisciplinary analysis: {A}n international research project and field campaign", 
  journal = bams,
  volume = "87", 
  pages = "1739-1746",
  year = "2006"
}

@Article{Reed-1977,
  author = "J. Reed and D. Norquist and E. Recker",
  title = "The structure and propagation of {A}frican wave disturbances as observed during phase {III} of {GATE}",
  journal = mwr,
  volume = "105",
  pages = "317-333",
  year = "1977"
}

@Article{Reeve-1999,
  author = "N. Reeve and R. Toumi",
  title = "Lightning activity as an indicator of climate change",
  journal = qjrms,
  volume = "125",
  number = "",
  pages = "893-903",
  year = "1999"
}

@Article{Reeves-2010,
AUTHOR = {C.E. Reeves and Formenti, P. and Afif, C. and Ancellet, G. and Atti\'e, J.-L. and Bechara, J. and Borbon, A. and Cairo, F. and Coe, H. and Crumeyrolle, S. and Fierli, F. and Flamant, C. and Gomes, L. and Hamburger, T. and Jambert, C. and Law, K. S. and Mari, C. and Jones, R. L. and Matsuki, A. and Mead, M. I. and Methven, J. and Mills, G. P. and Minikin, A. and Murphy, J. G. and Nielsen, J. K. and Oram, D. E. and Parker, D. J. and Richter, A. and Schlager, H. and Schwarzenboeck, A. and Thouret, V.},
TITLE = {Chemical and aerosol characterisation of the troposphere over West Africa during the monsoon period as part of AMMA},
JOURNAL = {Atmospheric Chemistry and Physics},
VOLUME = {10},
YEAR = {2010},
NUMBER = {16},
PAGES = {7575--7601},
URL = {http://www.atmos-chem-phys.net/10/7575/2010/},
DOI = {10.5194/acp-10-7575-2010}
}

@Article{Reynolds-1957,
  author  = "S. E. Reynolds and M. Brooks and M. F. Gourley",
  title   = "Thunderstorm charge separation",
  journal = "J. Meteor.",
  volume  = "14",
  pages   = "163-178",
  year    = "1957"
}

@Article{Ridley-2005,
  author = "B. A. Ridley and K. E. Pickering and J. E. Dye",
  title = "Comments on the parameterization of lightning-produced {NO} in global chemistry-transport models",
  journal = ae,
  volume = "39",
  pages = "6184-6187",
  year = "2005"
}

@Article{Riousset-2007,
  author = "J. A. Riousset and V. P. Pasko and P. R. Krehbiel and R. J. Thomas and W. Rison",
  title = "Three-dimensional fractal modeling of intracloud lightning discharge in a {N}ew {M}exico thunderstorm and comparison with lightning mapping observations", 
  journal = jgr,
  volume = "112",
  number = "D11", 
  doi = "10.1029/2006JD007621",
  year = "2007"
} 

@Article{Rison-1999,
  author = "W. Rison and R. J. Thomas and P. R. Krehbiel and T. Hamlin and J. Harlin",
  title = "A {GPS}-based three-dimensional lightning mapping system : initial observations in {C}entral {N}ew-{M}exico",
  journal = grl,
  volume = "26",
  number = "",
  pages = "3573-3576",
  year = "1999"
}

@Book{Roble-1986,
  author = "R. G. Roble and I. Tzur",
  title = "The {E}arth's {E}lectrical {E}nvironment",
  chapter = "The global atmospheric-electrical circuit",
  pages = "206-231",
  publisher = "Studies in {G}eophysics",
  year = "1986",
  address = "Nat. {A}cademic {P}ress, {W}ashington, {D}.{C}."
}

@Article{Rotunno-1988,
  author = "R. Rotunno and J. B. Klemp and M. L. Weisman",
  title = "A theory for strong, long-lived squall lines",
  journal = jas,
  volume = "45",
  pages = "463-485",
  year = "1988"
}

@Article{Rust-2002,
  author = "W. D. Rust and D. R. MacGorman",
  title = "Possibly inverted-polarity electrical structures in thunderstorms during {STEPS}",
  journal = grl,
  volume = "29",
  number = "", 
  pages = "doi:10.129/2001GL014303",
  year = "2002"
}

@Article{Rust-2005,
  author = "W. D. Rust and D. R. MacGorman and E. C. Bruning and S. A. Weiss and P. R. Krehbiel and R. J. Thomas and W. Rison and T. Hamlin and J. Harlin",
  title = "Inverted-polarity electrical structures in thunderstorms in the {S}evere {T}hunderstorm {E}lectrification and {P}recipitation {S}tudy ({STEPS})",
  journal = ar,
  volume = "76",
  pages = "247-271",
  year = 2005
}

@Article{Ruti-2010,
  author = "P.M. Ruti and  J.E. Williams and  F. Hourdin and  F. Guichard and  A. Boone and  P. vanVelthoven and  F. Favot and  I. Musat and  M. Rumukkainen and  M. Domingues and  M.A. Gaertner and  J.P. Lafore and  T. Losada and  M.B. Rodriguez de Fonseca and  J. Polcher and  F. Giorgi and  Y. Xue and  I. Bouarar and  K. Law and  B. Josse and  B. Barret and  X. Yang and  C. Mari and A.K.Traor\'e ", 
  title = "Modeling the West African climate system: systematic errors and future steps ",
  journal = asl,
  volume = "12",
  pages = "116-122",
  year = 2010
}

@Article{Salzmann-2004,
  author = "Salzmann M. and M. G. Lawrence and V. T. J. Phillips and L. J. Donner",
  title = "Modelling tracer transport by a cumulus ensemble: lateral boundary conditions and large-scale ascent",
  journal = acp,
  volume = "4",
  pages = "1797-1811",
  year = "2004"
}

@Article{Salzmann-2007,
  author = "M. Salzmann and M. G. Lawrence and V. T. J. Phillips and L. J. Donner",
  title = "Model sensitivity studies regarding the role of the retention coefficient for the scavenging and redistribution of highly soluble trace gases by deep convective cloud systems",
  journal = acp,
  volume = "7",
  pages = "2027-2045",
  year = "2007"
}

@Article{Salzmann-2008,
  author = "M. Salzmann and M. G. Lawrence and V. T. J. Phillips and L. J. Donner",
  title = "Cloud system resolving model study of the roles of deep convection for photo-chemistry in the {TOGA COARE/CEPEX} region",
  journal = acp,
  volume = "8",
  number = "",
  pages = "2741-2757",
  year = "2008"
}

@Article{Sanudo-1995,
  author = "J. Sa{\~n}udo and J. B. G\'omez and F. Casta\~no and A. F. Pacheco",
  title = "Fractal dimension of lightning discharge",
  journal = "Nonlinear Processes in Geophysics",
  volume = "2",
  pages = "101--106",
  year = "1995"
}

@Article{Saunders-1991,
  author = "C. P. R. Saunders and W. D. Keith and R. P. Mitzeva",
  title = "The effect of liquid water on thunderstorm charging",
  journal = jgr,
  volume = "96",
  number = "",
  pages = "11007-11017",
  year = "1991"
}

@Article{Saunders-1992,
  author = "C. P. R. Saunders",
  title = "A review of thunderstorm electrification processes",
  journal = jam,
  volume = "32",
  pages = "642-655",
  year = "1992"
}

@Article{Saunders-Brooks-1992,
  author = "C. P. R. Saunders and I.M. Brooks",
  title = "The effects of high liquid water content on thunderstorm charging",
  journal = jgr,
  volume = "97",
  number = "D13", 
  pages = "14671-14676",
  year = "1992"
}

@Article{Saunders-1994,
  author = "C. P. R. Saunders",
  title = "Thunderstorm electrification experiments and charging mechanisms",
  journal = jgr,
  volume = "99",
  pages = "10773-10779",
  year = "1994"
}

@Article{Saunders-1998,
  author = "C. P. R. Saunders and S. L. Peck",
  title = "Laboratory studies of the influence of the rime accretion rate on charge transfer during crystal/graupel collisions",
  journal = jgr,
  volume = "103",
  number = "",
  pages = "13949-13956",
  year = "1998"
}

@TechReport{Saunders-2005,
  author = "R. Saunders and M. Matricardi and P. Brunel and S. English and P. Bauer and U. O\'Keeffe and P. Francis and P. Rayer",
  year = "2005",
  title = "{RTTOV}-8 {S}cience and validation report",
  institution = "EUMETSAT",
  address = "The Met Office, UK",
  type = "NWP SAF Rep.",
  number = ""
}

@Article{Saunois-2008,
  author = "M. Saunois and C. Mari and V. Thouret and J.P. Cammas and P. Peyrill\'e and J. P. Lafore and B. Sauvage and A. Volz-Thomas and P. N\'ed\'elec and J. P. Pinty",
  title = "An idealized two-dimensional approach to study the impact of the West African monsoon on the meridional gradient of tropospheric ozone",
  journal = jgr,
  volume = "113",
  number = "D07306",
  doi = "10.1029/2007JD008707",
  year = "2008"
}

@TechReport{Skamarock-2005,
  author      = "W. C. Skamarock and J. B. Klemp and J. Dudhia and D. Gill and D. Barker and W. Wang and J. G. Powers",
  year        = "2005",
  title       = "A description of the {A}dvanced {R}esearch {WRF} {V}ersion 2",
  institution = "NCAR",
  address     = "Boulder, Colorado",
  type        = "",
  number      = "NCAR/TN468+STR"
}

@Article{Scala-1990,
  author = "J. R. Scala and M. Garstang and W. K. Tao and K. E. Pickering and A. M. Thompson and J. Simpson and V. W. J. H. Kirchhoff and E. V. Browell and G. W. Sachse and A. L. Torres and G. L. Gregory and R. A. Rasmussen and M. A. K. Khalil",
  title = "Cloud draft structure and trace gas transport",
  journal = jgr,
  volume = "95",
  pages = "17015-17030",
  year = "1990"
}

@Article{Schumann-1952,
  author = "W. O. Schumann",
  title = "Uber die {D}ampfung der elecktromagnetischen {E}igenschwingungen des {S}ystems {E}rde-{L}ufte-{I}onosphare",
  journal = "Z. Naturforsch",
  volume = "7a",
  pages = "250-252",
  year = "1952"
}

@Article{Schumann-Huntrieser-2007,
  author = "U. Schumann and H. Huntrieser",
  title = "The global lightning-induced nitrogen oxides source",
  journal = acp,
  volume = "7",
  pages = "3823-3907",
  year = "2007"
}

@Article{Schuur-1991,
  author = "T. J. Schuur and B. F. Smull and W. D. Rust and T. C. Marshall",
  title = "Electrical and kinematic structure of the stratiform precipitation region trailing an {O}klahoma squall line",
  journal = jas,
  volume = "48",
  number = "6",
  pages = "825-842",
  year ="1991"
}

@Article{Schuur-2000,
  author = "T. J. Schuur and S. A. Rutledge",
  title = "Electrification of stratiform regions in mesoscale convective systems. {P}art {II}: {T}wo-dimensional numerical model simulations of a symmetric {MCS}",
  journal = jas,
  volume = "57",
  number = "",
  pages = "1983-2006",
  year = "2000"
}

@Article{Schwendike-2010,
  author = "J. Schwendike and N. Kalthoff  and M. Kohler",
  title = "The impact of mesoscale convective systems on the surface and boundary-layer structure in West Africa: Case-studies from the AMMA campaign 2006",
  journal = qjrms,
  volume = "136",
  pages = "566--582",
  doi ="doi: 10.1002/qj.599",
  year = "2010"
}

@Article{Seity-2000,
  author = "Y. Seity and S. Soula and S. Sauvageot",
  title = "Radar observation and lightning detection in coastal thunderstorms",
  journal = "Phys. Chem. Earth (B)",
  volume = "25",
  number = "10-12",
  pages = "1107-1110",
  year = "2000"
}

@Phdthesis{Seity-2003,
  author = "Y. Seity",
  title = "Relations entre activit\'es d'\'eclairs, microphysique et dynamique au sein d'orages europ\'eens",
  school = "Univ. Paul Sabatier - Toulouse",
  year = "2003",
  pages = "171 pp."
}

@Article{Serca-1998,
  author = "D. Ser\c{c}a and R. Delmas and X. LeRoux and D.A.B. Parsons and M.C. Scholes and L. Abbadie and R. Lensi and O. Ronce and L. Labrouc", 
  title ="Comparison of nitrogen monoxide emissions from several African tropical ecosystems and influence of season and fire",
  journal = gbc,
  volume = "12",
  pages = "637-651",
  year = "1998"
}


@Article{Shao-Krehbiel-1996,
  author = "X. M. Shao and P. R. Krehbiel",
  title = "The spatial and temporal development of intracloud lightning",
  journal = jgr,
  volume = "101",
  number = "",
  pages = "26641-26668",
  year = "1996"
}

@Article{Skamarock-2000,
  author =       "W. C. Skamarock and J. G. Powers and M. Barth and J. E. Dye and T. Matejka and D. Bartels and K. Baumann and J. Stith and D. D. Parrish and G. H{\"u}bler",
  title =        "Numerical simulations of the {J}uly 10 {S}tratospheric-{T}ropospheric {E}xperiment: {R}adiation, {A}erosol, and {O}zone/{D}eep {C}onvection {E}xperiment convective system: {K}inematics and transport",
  OPTcrossref =  "",
  OPTkey =       "",
  journal =      jgr,
  year =         "2000",
  volume =       "105",
  OPTnumber =    "D15",
  pages =        "19,973-19,990",
  OPTmonth =     "",
  OPTnote =      "",
  OPTannote =    ""
}

@Article{Skamarock-2003,
  author = "W. C. Skamarock and J. E. Dye and E. Defer and M. C. Barth and J. L. Stith and B. A. Ridley",
  title = "Observational- and modeling-based budget of lightning-produced {NO}$_{\rm x}$ in a continental thunderstorm",
  journal = jgr,
  volume = "108",
  number = "10",
  pages = "doi:10.1029/2002JD002163",
  year = "2003"
}

@TechReport{Skamarock-2005,
  author      = "W. C. Skamarock and J. B. Klemp and J. Dudhia and D. Gill and D. Barker and W. Wang and J. G. Powers",
  year        = "2005",
  title       = "A description of the {A}dvanced {R}esearch {WRF} {V}ersion 2",
  institution = "NCAR",
  address     = "Boulder, Colorado",
  type        = "",
  number      = "NCAR/TN468+STR"
}
 

@Article{Solomon-1996,
  author = "R. Solomon and M. Baker",
  title = "A one-dimensional lightning parametrization",
  journal = jgr,
  volume = "101(D10)",
  number = "",
  doi = "10.1029/96JD00941",
  year = "1996"
}

@Article{Smith-2002,
  author = "D. A. Smith and K. B. Eack and J. Harlin and M. J. Heavner and A. R. Jacobson and R. S. Massey and X. M. Shao and K. C. Wiens",
  title = "The {L}os {A}lamos {S}feric {A}rray: a research tool for lightning investigations",
  journal = jgr,
  volume= "107",
  number = "D13",
  doi = "10.1029/2001JD000502",
  year = "2002"
}

@Article{Smolarkiewicz-1982,
  author = "P. K. Smolarkiewicz",
  title = "The multi-dimensional {C}rowley advection scheme",
  journal = mwr,
  volume = "110",
  pages = "1968-1983",
  year = "1982"
}

@Article{Solomon-1994,
  author = "R. Solomon and M. Baker",
  title = "Electrification of {N}ew {M}exico thunderstorms",
  journal = mwr,
  volume = "122",
  pages = "1878-1886",
  year = "1994"
}

@Article{Soula-2001,
  author = "S. Soula and S. Chauzy",
  title = "Some aspects of the correlation between lightning and rain activities in thunderstorms",
  journal = ar,
  volume = "56",
  number = "",
  pages = "355-373",
  year = "2001"
}

@Article{Stein-2000,
  author = "J. Stein and E. Richard and J.-P. Lafore and J.-P. Pinty and N. Asencio and S. Cosma",
  title = "High resolution non-hydrostatic simulations of flash-floods episodes with grid-nesting and ice-phase parameterization",
  journal = "Meteorol. Atmos. Phys.",
  volume = "72",
  pages = "101-110",
  year = "2000"
}

@Article{Stith-1999,
  author = "J. Stith and J. Dye and B. Ridley and P. Laroche and E. Defer and K. Baumann and G. H{\"u}bler and R. Zerr and M. Venticinque",
  title = "{NO} signatures from lightning flashes",
  journal = jgr,
  volume = "104",
  number = "D13",
  pages = "16,081-16,089",
  year = "1999"
}

@Article{Stockwell-1999,
  author = "D. Z. Stockwell and C. GIannakopoulos and P.-H. Plantevin and G. D. Carver and M. P. Chipperfield and K. S. Law and J. A. Pyle and D. E. Shallcross and K.-Y. Wang",
  title = "Modelling {NO}$_{\rm x}$ from lightning and its impact on global chemical fields",
  journal = ae,
  volume = "33",
  pages = "4477-4493",
  year = "1999"
}

@Article{Stolzenburg-1998a,
  author = "M. Stolzenburg and W. D. Rust and T. C. Marshall",
  title = "Electrical structure in thunderstorm convective regions - 1. {M}esoscale convective systems",
  journal = jgr,
  volume = "103",
  number = "",
  pages = "14,059-14,078",
  year = "1998"
}

@Article{Stolzenburg-1998b,
  author = "M. Stolzenburg and W. D. Rust and T. C. Marshall",
  title = "Electrical structure in thunderstorm convective regions - 2. {I}solated storms",
  journal = jgr,
  volume = "103",
  number = "",
  pages = "14,079-14,096",
  year = "1998"
}

@Article{Stolzenburg-1998c,
  author = "M. Stolzenburg and W. D. Rust and T. C. Marshall",
  title = "Electrical structure in thunderstorm convective regions - 3. {S}ynthesis",
  journal = jgr,
  volume = "103",
  number = "",
  pages = "14,097-14,108",
  year = "1998"
}

@Article{Stolzenburg-2002,
  author = "M. Stolzenburg and T. C. Marshall and W. D. Rust and D. L. Bartels",
  title = "Two simultaneous charge structures in thunderstorm convection",
  journal = jgr,
  volume = "107",
  number = "",
  pages = "doi:10.1029/2001JD000904",
  year = "2002"
}

@Article{Stuart-2004,
  author = "A. L. Stuart and M. Z. Jacobson",
  title = "Chemical retention during dry growth riming",
  journal = jgr,
  volume = "109",
  pages = "doi:10.1029/2003JD004197",
  year = "2004"
}

@Article{Su-2003,
  author = "H. T. Su and R. R. Hsu and A. B. Chen and Y. C. Wang and W. S. Hsiao and W. C. Lai and L. C. Lee and M. Sato and H. Fukunishi",
  title = "Gigantic jets between a thundercloud and the ionosphere",
  journal = nature,
  volume = "423",
  number = "",
  pages = "974-976",
  year = "2003"
}

@Article{Suhre-1998,
  author  = "K. Suhre and V. Crassier and C. Mari and R. Rosset and D. W. Johnson and S. Osborne and R.  Wood and M. O. Andreae and B. Bandy and T. S. Bates and S. Businger and C. Gerbig and F. Raes and J. Rudolph",
  title   = "Chemistry and aerosols in the marine boundary layer: 1-{D} modelling of the three {ACE}-2 {L}agrangian experiments",
  journal = ae,
  volume  = "34", 
  pages   = "5079-5094",
  year    = "1998"
}

@Article{Sun-2002,
  author = "A. Sun and H.-Y. Chun and J.-J. Baik and M. Yan",
  title = "Influence of electrification on microphysical and dynamical processes in a numerically simulated thunderstorm",
  journal = jam,
  volume = "41",
  number = "",
  pages = "1112-1127",
  year = "2002"
}

@Article{Tabazadeh-1999,
  author  = "A. Tabazadeh and O. B. Toon and E. J. Jensen",
  title   = "A surface chemistry model for nonreactive trace gas adsorption on ice: {I}mplications for nitric acid scavenging by cirrus",
  journal = grl,
  volume  = "26(14)",
  pages   = "2211-2214",
  doi     = "10.1029/1999GL900501",
  year    = "1999"
}

@Article{Takahashi-1978,
  author = "T. Takahashi",
  title = "Riming electrification as a charge generation mechanism in thunderstorms",
  journal = jas,
  volume = "35",
  number = "",
  pages = "1536-1548",
  year = "1978"
}

@Article{Takahashi-1979,
  author = "T. Takahashi",
  title = "Warm cloud electricity in a shallow axisymmetric cloud model",
  journal = jas,
  volume = "36",
  number = "",
  pages = "2236-2258",
  year = "1979"
}

@Article{Takahashi-1983,
  author = "T. Takahashi",
  title = "A numerical simulation of winter cumulus electrification. {P}art 1 : shallow cloud",
  journal = jas,
  volume = "40",
  number = "",
  pages = "1257-1280",
  year = "1983"
}

@Article{Takahashi-1984,
  author = "T. Takahashi",
  title = "Thunderstorm electrification - {A} numerical study",
  journal = jas,
  volume = "41",
  number = "",
  pages = "2541-2558",
  year = "1984"
}

@Article{Takahashi-1987,
  author = "T. Takahashi",
  title = "Determination of lightning origins in a thunderstorm model",
  journal = "J. Meteorol. Soc. Jpn.",
  volume = "65",
  number = "",
  pages = "777-794",
  year = "1987"
}

@Article{Takahashi-2002,
  author = "T. Takahashi and K. Miyawaki",
  title = "Reexamination of riming electrification in a wind tunnel",
  journal = jas,
  volume = "59",
  number = "",
  pages = "1018-1025",
  year = "2002"
}

@Book{Thery-2000,
  author    = "C. Th\'ery and P. Laroche and P. Blanchet",
  title     = "{EULINOX} - The {E}uropean {L}ightning {N}itrogen {O}xides {E}xperiment",
  chapter   = "Lightning activity during {EULINOX} and estimations of {NO}$_{\rm x}$ production by flashes",
  pages     = "129-145",
  publisher = "edited by H. H{\"o}ller and U. Schumann",
  year      = "2000",
  number    = "Rep. DLR-FB 2000-28",
  address   = "Deutches Zentrum f{\"u}r Luft- und Raumfahrt, K{\"o}ln, Germany"
}

@Article{Thomas-2001,
  author = "R. J. Thomas and P. R. Krehbiel and W. Rison and T. Hamlin and J. Harlin and D. Shown",
  title = "Observations of {VHF} source powers radiated by lightning",
  journal = grl,
  volume = "28",
  number = "",
  pages = "143-146",
  year = "2001"
}

@Article{Thompson-1997,
author = {A.M. Thompson and Tao, Wei-Kuo and Pickering, Kenneth E. and Scala, John R. and Simpson, Joanne},
title = {Tropical Deep Convection and Ozone Formation},
journal = bams,
volume = {78},
number = {6},
pages = {1043-1054},
year = {1997},
doi = {10.1175/1520-0477},
}


@Article{Thorncroft-2007,
  author = "C. D. Thorncroft and J.-P. Lafore and G. Berry and R. Rocca and F. Guichard and M. Tomasini and N. Asencio",
  title = "Overview of {A}frican weather systems during the summer 2006",
  journal = "CLIVAR Exchanges",
  volume = "12",
  number = "2",
  pages = "18-20 (Unpublished manuscript)",
  year = "2007"
}

@TechReport{Tomasini-2006,
  author      = "M. Tomasini and J-P. Lafore and C. Piriou and R. Roca and K. Ramage and H. Laurent and C. Morel and S. Senesi",
  year        = "2006",
  title       = "Atlas on a climatology of {W}est {A}frican mesoscale convective systems",
  institution = "AMMA-EU report",
  address     = "",
  type        = "",
  number      = "Du2.1.3.a"
}

@Article{Tost-2006,
  author = "H. Tost and P. J{\"o}ckel and J. Lelieveld",
  title = "Influence of different convection parameterisations in a GCM",
  journal = acp,
  volume = "6",
  pages = "5475-5493",
  year = "2006"
}

@Article{Tost-2007,
  author = "H. Tost and P. J{\"o}ckel and J. Lelieveld",
  title = "Lightning and convection parameterisations -- uncertainties in global modelling",
  journal = acp,
  volume = "7",
  pages = "4553-4568",
  year = "2007"
}

@Article{Tost-2010,
  author = "H. Tost and M. G. Lawrence and C. Br{\"u}hl and P. J{\"o}ckel and The GABRIEL Team and The SCOUT-O3-DARWIN/ACTIVE Team",
  title = "Uncertainties in atmospheric chemistry modelling due to convection parameterisations and subsequent scavenging",
  journal = acp,
  volume = "10",
  pages = "1931-1951",
  year = "2010"
}

@Article{Tsenova-2009,
  author = "B. Tsenova and R. Mitzeva",
  title = "New parameterization of non-inductive charge transfer based on previous laboratory experiments",
  journal = ar,
  volume = "91",
  pages = "79-85",
  year = "2009"
}

@Article{Tsenova-2011,
  author = "B. Tsenova and R. Mitzeva",
  title = "Comparative modelling study of the effect of parameterizations based on rime accretion rate and on effective water content on simulated charge density in thunderstorms",
  journal = "IDOJARAS",
  volume = "115",
  number = "4",
  pages = "247-263",
  year = "2011"
}

@Article{Tsonis-1987,
  author = "A. A. Tsonis and J. B. Elsner",
  title = "Fractal characterization and simulation of lightning",
  journal = "Beitr. Phys. Atmos.",
  volume = "60",
  number = "",
  pages = "187-192",
  year = "1987"
}

@Article{Tulet-2003,
  author = "P. Tulet and V. Crassier and F. Solmon and D. Guedalia and R. Rosset",
  title = "Description of the mesoscale nonhydrostatic chemistry model and application to a transboundary pollution episode between northern {F}rance and southern {E}ngland",
  journal = jgr,
  volume = "108",
  number = "D1",
  pages = "4021",
  doi = "10.1029/2000JD000301",
  year = "2003"
}

@Article{Tulet-2005,
  author = "P. Tulet and V. Crassier and F. Cousin and K. Suhre and R. Rosset",
  title = "{ORILAM}, a three-moment lognormal aerosol scheme for mesoscale atmospheric model: {O}nline coupling into the {M}eso-{NH}-{C} model and validation on the {E}scompte campaign", 
  journal = jgr,
  volume = "110", 
  number = "D18201", 
  doi = "10.1029/2004JD005716",
  year = "2005"
}

@Article{Tulet-2010,
  author = "P. Tulet and K. Crahan-Kaku and M. Leriche and B. Aouizerats and S. Crumeyrolle",
  title = "Mixing of dust aerosols into a mesoscale convective system: {G}eneration, filtering and possible feedbacks on ice anvils",
  journal = ar,
  volume = "96",
  pages = "302-314",
  year = "2010"
}

@Article{Ushio-2003,
  author = "T. Ushio and S. T. Heckman and H. J. Christian and Z.-I. Kawasaki",
  title = " Vertical development of lightning activity observed by the {LDAR} system: lightning bubbles",
  journal = jam,
  volume = "42",
  pages = "165-174",
  year = "2003"
}

@Article{Vonnegut-1953,
  author = "B. Vonnegut",
  title = "Possible mechanism for the mechanism for the formation of thunderstorm activity",
  journal = bams,
  volume = "34",
  number = "",
  pages = "378",
  year = "1953"
}

@Article{Waldteufel-Corbin-1979,
  author = "P. Waldteufel and H. Corbin",
  title = "On analysis of single-{D}oppler radar data",
  journal = jam,
  volume = "18",
  pages = "532-542",
  year = "1979"
}

@Article{Wang-Chang-1993,
  author = "C. Wang and J. Chang",
  title = "Three-dimensional numerical model of cloud dynamics, microphysics, and chemistry 1. {C}oncepts and formulation",
  journal = jgr,
  volume = "98",
  number = "D8",
  pages = "14827-14844",
  year = "1993"
}

@Article{Wang-1998,
  author = "Y. A. Wang and W. DeSilva and G. C. Goldenbaum and R. R. Dickerson",
  title = "Nitric oxide production by simulated lightning : {D}ependance on current, energy and pressure",
  journal = jgr,
  volume = "103",
  number = "",
  pages = "19,149-19,159",
  year = "1998"
}

@Article{Wang-1998b,
  author = "Y. Wang and D. J. Jacob and J. A. Logan",
  title = "Global simulation of tropospheric {O}$_3$-{NO}$_{\rm x}$-hydrocarbon chemistry. 1. {M}odel formulation",
  journal = jgr,
  volume = "103",
  number = "D9",
  pages = "10,713-10,725",
  year = "1998"
}

@Article{Wang-Prinn-2000,
  author = "C. Wang and R. Prinn",
  title = "On the roles of deep convection clouds in tropospheric chemistry",
  journal = jgr,
  volume = "105",
  number = "D17",
  pages = "3399-3418",
  year = "2000"
}

@Article{Whipple-1944,
  author = "F. J. W. Whipple and J. A. Chalmers",
  title = "On {W}ilson's theory of the collection of charge by falling drops",
  journal = qjrms,
  volume = "70",
  number = "",
  pages = "103",
  year = "1944"
}

@Article{Weisman-1984,
  author = "M. L. Weisman and J. B. Klemp",
  title = "The structure and classification of numerically simulated convective storms in directionally varying wind shear",
  journal = mwr,
  volume = "112",
  pages = "2479-2498",
  year = "1984"
}

@Article{Wicker-Skamarock-2002,
  author = "L. J. Wicker and W. C. Skamarock",
  title = "Time-splitting methods for elastic models using forward time schemes",
  journal = mwr,
  volume = "130",
  pages = "2088-2097",
  year = "2002"
}

@Article{Wiens-2005,
  author = "K. C. Wiens and S. A. Rutledge and S. A. Tessendorf",
  title = "The 29 {J}une 2000 supercell observed during {STEPS}. {P}art {II}: {L}ightning and charge structure",
  journal = jas,
  volume = "62",
  pages = "4151-4177",
  year = "2005"
}

@Inbook{Wiesmann-1988,
  author = "H. J. Wiesmann",
  title = "Realistic models of dielectric breakdown, Fractals physical origin and properties",
  pages = "243-257",
  publisher = "Plenum, New York",
  year = "1988"
}

@Article{Wiesmann-1986,
  author = "H. J. Wiesmann and H. R. Zeller",
  title = "A fractal model of dielectric breakdown and prebreakdown in solid dielectrics",
  journal = "J. Appl. Phys.",
  volume = "60",
  number = "",
  pages = "1770-1773",
  year = "1986"
}

@Article{Williams-1983,
  author  = "E. R. Williams and R. M. Lhermitte",
  title   = "Radar tests of the precipitation hypothesis for thunderstorm electrification",
  journal = jgr,
  volume  = "88",
  pages   = "10,984-10,992",
  year    = "1983"
}

@Article{Williams-1989,
  author = "E. R. Williams",
  title = "The tripole structure of thunderstorms",
  journal = jgr,
  volume = "94",
  number = "D11",
  pages = "13,151-13,167",
  year = "1989"
}

@Article{Williams-1985,
  author = "E. R. Williams and C. M. Cooke and K. A. Wright",
  title = "Electrical discharge propagation in and around space charge clouds",
  journal = jgr,
  volume = "90",
  number = "",
  pages = "6054-6070",
  year = "1985"
}

@Article{Williams-1992,
  author = "E. R. Williams",
  title = "The {S}chumann resonance: a global tropical thermometer",
  journal = science,
  volume = "256",
  number = "",
  pages = "1184-1187",
  year = "1992"
}

@Article{Williams-2002,
  author = "E. R. Williams and S. Stanfill",
  title = "The physical origin of the land-ocean contrast in lightning activity",
  journal = "C. R. Physique",
  volume = "3",
  pages = "1277-1292",
  year = "2002"
}

@Inproceedings{Williams-2003,
  author = "E. R. Williams",
  booktitle = "12th {I}nternational {C}onference on {A}tmospheric {E}lectricity",
  title = "Lightning and climate : a review",
  pages = "665-668",
  year = "2003"
}

@Article{Wilson-1929,
  author = "C. T. R. Wilson",
  title = "Some thundercloud problems",
  journal = "J. Franklin Inst.",
  volume = "108",
  pages = "1-12",
  year = "1929"
}

@Mastersthesis{Wojcik-1994,
  author = "W. A. Wojcik",
  title = "An examination of thunderstorm charging mechanisms using the {IAS} 2{D} storm electrification model",
  school = "So. Dakota Schl. Mines Technol.",
  year = "1994",
  address = "Rapid City, SD"
}

@Article{Woodward-Colella-1984,
  author = "P. R. Woodward and P. Colella",
  title = "The {P}iecewise {P}arabolic {M}ethod ({PPM}) for gas-dynamical simulations",
  journal = "J. Comput. Phys.", 
  volume = "54", 
  pages = "174-201",
  year = "1984"
}

@Article{Yasunaga-2004,
  author = "K. Yasunaga and H. Kidan and T. Satomura and N. Nishi",
  title = "A numerical study on the detrainment of tracers by cumulus convection in {TOGA COARE}",
  journal = "J. of the Meteorol. Soc. of Japan",
  volume = "82",
  number = "3",
  pages = "861-878",
  year = "2004"
}

@Article{Yin-2001,
  author = "Y. Yin and D. J. Parker and K. S. Carslaw",
  title = "Simulation of trace gas redistribution by convective clouds - {L}iquid phase processes",
  journal = "acp",
  volume = "1",
  pages = "19-36",
  year = "2001"
}

@Article{Yin-2002,
  author = "Y. Yin and K. S. Carslaw and D. J. Parker",
  title = "Redistribution of trace gas redistribution by convective clouds - mixed-phase processes",
  journal = "acpd",
  volume = "2",
  pages = "875-903",
  year = "2003"
}

@Article{Zhang-2003-2D,
  author = "X. Zhang and J. H. Helsdon and R. D. Farley",
  title = "Numerical modeling of lightning-produced {NO}$_{\rm x}$ using an explicit lightning scheme: 1. {T}wo-dimensional simulation as a proof of concept",
  journal = jgr,
  volume = "108",
  number = "D18",
  pages = "doi:10.1029/2002JD003224",
  year = "2003"
}

@Article{Zhang-2003-3D,
  author = "X. Zhang and J. H. Helsdon and R. D. Farley",
  title = "Numerical modeling of lightning-produced {NO}$_{\rm x}$ using an explicit lightning scheme: 2. {T}hree-dimensional simulation and expanded chemistry",
  journal = jgr,
  volume = "108",
  number = "D18",
  pages = "doi:10.1029/2002JD003225",
  year = "2003"
}

@Article{Zhang-Wang-2006,
  author = "J. Zhang and S. Wang",
  title = "An automated 2{D} multipass {D}oppler radar velocity dealiasing scheme",
  journal = jaot,
  volume = "23",
  pages = "1239-1248",
  year = "2006"
}

@Article{Ziegler-1986,
  author = "C. L. Ziegler and P. S. Ray and D. R. MacGorman",
  title = "Relations of kinematics, microphysics and electrification in an isolated mountain thunderstorm",
  journal = jas,
  volume = "43",
  number = "",
  pages = "2098-2115",
  year = "1986"
}

@Article{Ziegler-1991,
  author = "C. L. Ziegler and D. R. MacGorman and J. E. Dye and P. S. Ray",
  title = "A model evaluation of noninductive graupel-ice charging in the early electrification of a mountain thunderstorm",
  journal = jgr,
  volume = "96",
  number = "",
  pages = "12,833-12,855",
  year = "1991"
}

@Article{Ziegler-1994,
  author = "C. L. Ziegler and D. R. MacGorman",
  title = "Observed lightning morphology relative to modeled space charge and electric field distributions in a tornadic storm",
  journal = jas,
  volume = "51",
  number = "",
  pages = "833-851",
  year = "1994"
}

@Article{Zipser-1977,
  author = "E. J. Zipser",
  title = "Mesoscale and convective-scale downdrafts as distinc components of squall-line structure",
  journal = mwr,
  volume = "105",
  pages = "1568-1589",
  year = "1977"
}

@Article{Zipser-Lutz-1994,
  author = "E. J. Zipser and K. R. Lutz",
  title = "The vertical profile of radar reflectivity of convective cells: a strong indicator of storm intensity and lightning probability?",
  journal = mwr,
  volume = "122",
  number = "",
  pages = "1751-1759",
  year = "1994"
}

@Article{Zipser-2006,
  author = "E.J. Zipser and D. J. Cecil and C. Liu and S. W. Nesbitt and and D. P. Yorty",
  title = "Where are the most intense thunderstorms on earth? ",
  journal = bams,
  volume = "87",
  pages = "1057-1071",
  year = "2006"
}

@Article{Zrnic-1993,
  author = "D. S. Zrni\'c and N. Balakrishnan and C. L. Ziegler and V. N. Bringi and K. Aydin and T. Matejka",
  title = "Polarimetric signatures in the stratiform region of a mesoscale convective system",
  journal = jam,
  volume = "32",
  number = "",
  pages = "678-693",
  year = "1993"
}
