@article{Crassier2000,
         author = {V. Crassier and K. Suhre and P. Tulet and R. Rosset},
         title = {Development of a reduced chemical scheme for use in 
                  mesoscale meteororological models},
         journal = {Atm. Env.},
         year = {2000},
         volume = 34,
         pages = {2633--2644}
         }
@article{Hesstvedt1978,
         author = {E. Hesstvedt and O. Hov and I. S. A Isaksen},
         title = {Quasi-steady stateapproximation in air pollution modelling:
         comparison of two numerical schemes for oxidant prediction},
         journal = {Int. J. Chem. Kin.},
         year = {1978},
         volume = 10,
         pages = {4148--4156}
         }
@article{Ramaroson1992,
         author = {R.A. Ramaroson and M. Pirre and D. Cariolle},
         title = {{A box model for on-line computations of diurnal variations
in a 1-D model: potential for application in multidimensional cases}},
         journal = {Ann. Geophysicae},
         year = {1992},
         volume = 10,
         pages = {416--428}
         }
@article{Stockwell1997,
         author = {R.W. Stockwell and F. Kirchner and M. Kuhn and S. Seefeld},
         title = {A new mechanism for regional atmospheric chemistry modeling},
         journal = {J. Geophys. Res.},
         year = {1997},
         volume = 102,
         pages = {25847--25879}
         }
@book{Stoer1978,
         author = {J. Stoer and R. Bulirsch},
         title = {{Einf\"uhrung in die Numerische Mathematik II}},
         publisher = {Springer Verlag},
         edition = {},
         pages = {} ,
         year = {1978}
         }
@article{Suhre1994,
         author = {K. Suhre and R. Rosset},
         title = {Modification of a linearized semi-implicit scheme
                  for chemical reactions using a steady-state-approximation},
         journal = {Ann. Geophys.},
         year = {1994},
         volume = 12 ,
         pages = {359--361}
         }
