@string{aa   ="Astron. Astrophys."}
@string{acp  ="Atmos. Chem. Phys."}
@string{adgeo="Adv. Geosciences"}
@string{adr  ="Adv. Space Res."}
@string{ae   ="Atmos. Environ."}
@string{afm  ="Agric. For. Meteorol."}
@string{ag   ="Ann. Geophys."}
@string{ajp  ="Aust. J. Phys."}
@string{ao   ="Appl. Opt."}
@string{ar   ="Atmos. Res."}
@string{asr  ="Adv. Space Res. Vol."}
@string{ast  ="Aerospace Sci. Tech."}
@string{bams ="Bull. Amer. Meteo. Soc."}
@string{blm  ="Bound.-Layer. Meteor."}
@string{bpa  ="Beitr. Phys. Atmos."}
@string{cc   ="Clim. Change"}
@string{cd   ="Climate Dyn."}
@string{cras ="C. R. Acad. Sci."}
@string{crte ="C. R. Geoscience"}
@string{gafd ="Geophys. Astrophys. Fluid Dyn."}
@string{grl  ="Geophys. Res. Lett."}
@string{hb   ="Houille Blanche - Revue internationale de l eau"}
@string{iamap="IAHS proceedings"}
@string{tgars ="IEEE Trans. Geosci. Remote Sensing"}
@string{ijc  ="Int. J. Climatol."}
@string{ijrs ="Int. J. Remote Sensing"}
@string{jam  ="J. Appl. Meteorol."}
@string{jamc ="J. Appl. Meteorol. Clim."}
@string{jaot ="J. Atmos. Ocean. Tech."}
@string{jas  ="J. Atmos. Sci."}
@string{jar  ="J. Atmos. Res."}
@string{jc   ="J. Climate"}
@string{jcam ="J. Climate. Appl. Meteorol."}
@string{jf   ="J. Forecasting"}
@string{jgr  ="J. Geophys. Res."}
@string{jh   ="J. Hydrol."}
@string{jhm  ="J. Hydrometeor."}
@string{jqsrt="J. Quant. Spectrosc. Radiat. Transfer"}
@string{jms  ="J. Meteor. Soc. Japan"}
@string{jpo  ="J. Phys. Oceanogr."}
@string{qj   ="Quart. J. Roy. Meteor. Soc."}
@string{lncs ="Lect. Notes Computer Sci."}
@string{ma   ="Meteorol. Applications"}
@string{map  ="Meteorol. Atmos. Phys."}
@string{mwr  ="Mon. Weather Rev."}
@string{nhess="Nat. Hazards Earth Syst. Sci."}
@string{oai  ="Ocean-Air Interactions"}
@string{rgsp ="Rev. Geophys. Space Phys."}
@string{tac  ="Theor. Appl. Climatol."}
@string{wf   ="Wea. Forecasting"}
@string{wrr  ="Water Resource Research"}

@article{Baer1992,
         author = {M. Baer and K. Nester},
         title = {Parameterization of trace gas dry deposition
velocities for a regional mesoscale diffusion model },
         journal = ag,
         year = {1992},
         volume = 10,
         pages = {912--923}
         }
@article{Chang1987,
         author = {J.S. Chang and R.A. Brost and I.S.A. Isaksen and 
                   S. Madronich and 
                   P. Middleton and W.R. Stockwell and C.J. Walcek},
         title = {A three-dimensional eulerian acid deposition
         model: physical concepts and formulation },
         journal = jgr,
         year = {1987},
         volume = 92,
         pages = {14681--14700}
         }
@article{Erisman1994,
         author = {J.W. Erisman},
         title = {Evaluation of a surface resistance parameterization of
sulphur dioxide },
         journal = ae,
         year = {1994},
         volume = 16 ,
         pages = {2583--2594}
         }
@article{Ganzeveld1995,
         author = {L. Ganzeveld and L. Lelieveld},
         title = {Dry deposition parameterization in a chemistry
general circulation model and its influence on the distribution of reactive
trace gases },
         journal = jgr,
         year = {1995},
         volume = 100,
         pages = {20999--21012}
         }
@article{Garrat1973,
         author = {J. Garrat and B. B. Hicks},
         title = {Momentum, heat and water vapor transfer to
         and from natural and artificial surfaces },
         journal = qj,
         year = {1973},
         volume = 99,
         pages = {680--687}
         }
@article{Hicks1987,
         author = {B. B. Hicks and D. D. Baldocchi and T. P. Meyers and 
                   R. P. Hosker and D. R. Matt},
         title = {A preliminary multiple resistance routine for deriving dry 
                  deposition velocities from measured quantities },
         journal = {Water, Air and Soil Pollution},
         year = {1987},
         volume = 36,
         pages = {311--330}
         }
@article{Madronich1987,
         author = {S. Madronich},
         title = {{Photodissociation in the atmosphere: 1. Actinic flux and
         the effects of ground reflections and clouds}},
         journal = jgr,
         year = {1987},
         volume = 92,
         pages = {9740--9752}
         }
@article{Masson2000,
         author = {V. Masson},
         title = {A physically-based scheme for the urban energy budget in 
                  atmospheric models },
         journal =blm,
         year = {2000},
         volume = 94,
         pages = {357--397}
         }
@article{Meyers1988,
         author = {T. P. Meyers and D. D. Baldocchi},
         title = {{A comparison of models for deriving dry
                  deposition fluxes of O3 and SO2 to a forest canopy}},
         journal = {Tellus},
         year = {1988},
         volume = {40B},
         pages = {270--284}
         }
@article{Muller1993,
         author ={H. M\"uller and F. X. Meixner and G. Kramm and D. Fowler and 
                   G. J. Dollard and M. Possanzini},
         title = {{Determination of $\rm HNO_3$ deposition by modified Bowen 
                  ratio and aerodynamic profile techniques}},
         journal = {Tellus},
         year = {1993},
         volume = {45B},
         pages = {346--367}
         }
@article{Sehmel1980,
         author = {G. A. Sehmel},
         title = {Particle and gas dry deposition: a review},
         journal = ae,
         year = {1980},
         volume = 14,
         pages = {981--1011}
         }
@article{Sheih1979,
         author = {C. M. Sheih and M. L. Wesely and B. B. Hicks},
         title = {A guide for estimating dry deposition velocities
         of sulfur over the eastern United States and surrounding regions},
         journal = {Argonne National Lab. Rep.},
         year = {1979},
         volume = {79-2},
         pages = {56}
         }
@article{Stephens1978,
         author = {G. L. Stephens},
         title = {{Radiation profiles in extended water clouds II 
                  Parameterization schemes}},
         journal = jas,
         year = {1978},
         volume = 35,
         pages = {2123--2132}
         }
@article{Tulet2003,
         author={Tulet, P. and Crassier, V. and Solmon, F. and Guedalia, D. and Rosset, R.},
         title={{Description of the Mesoscale Nonhydrostatic Chemistry model and application to a transboundary pollution episode between northern France and southern England}},
         journal=jgr, pages={4021, doi.10.1029/2000JD000301}, volume={108(D1)}, year={2003}}
@article{Walcek1986,
         author = {C. J. Walcek and R. A. Brost and J. S. Chang and M. L. Wesely},
         title = {$\rm SO_2$ sulfate and $\rm HNO_3$ deposition velocities
         computed using regional landuse and meterological data},
         journal = ae,
         year = {1986},
         volume = 20,
         pages = {2101--2123}
         }
@article{Wesely1977,
         author = {M. L. Wesely and B. B. Hicks},
         title = {Some factors that affect the deposition rates of
                  sulfur dioxide and similar gases to vegetation},
         journal = {J. Air Poll. Control Assoc.},
         year = {1977},
         volume = 27,
         pages = {1110--1116}
         }
