@string{aa   ="Astron. Astrophys."}
@string{acp  ="Atmos. Chem. Phys."}
@string{adgeo="Adv. Geosciences"}
@string{adr  ="Adv. Space Res."}
@string{ae   ="Atmos. Environ."}
@string{afm  ="Agric. For. Meteorol."}
@string{ag   ="Ann. Geophys."}
@string{ajp  ="Aust. J. Phys."}
@string{ao   ="Appl. Opt."}
@string{ar   ="Atmos. Res."}
@string{asr  ="Adv. Space Res. Vol."}
@string{ast  ="Aerospace Sci. Tech."}
@string{bams ="Bull. Amer. Meteo. Soc."}
@string{blm  ="Bound.-Layer. Meteor."}
@string{bpa  ="Beitr. Phys. Atmos."}
@string{cc   ="Clim. Change"}
@string{cd   ="Climate Dyn."}
@string{cras ="C. R. Acad. Sci."}
@string{crte ="C. R. Geoscience"}
@string{gafd ="Geophys. Astrophys. Fluid Dyn."}
@string{grl  ="Geophys. Res. Lett."}
@string{hb   ="Houille Blanche - Revue internationale de l eau"}
@string{iamap="IAHS proceedings"}
@string{tgars ="IEEE Trans. Geosci. Remote Sensing"}
@string{ijc  ="Int. J. Climatol."}
@string{ijrs ="Int. J. Remote Sensing"}
@string{jam  ="J. Appl. Meteorol."}
@string{jamc ="J. Appl. Meteorol. Clim."}
@string{jaot ="J. Atmos. Ocean. Tech."}
@string{jas  ="J. Atmos. Sci."}
@string{jar  ="J. Atmos. Res."}
@string{jc   ="J. Climate"}
@string{jcam ="J. Climate. Appl. Meteorol."}
@string{jf   ="J. Forecasting"}
@string{jgr  ="J. Geophys. Res."}
@string{jh   ="J. Hydrol."}
@string{jhm  ="J. Hydrometeor."}
@string{jqsrt="J. Quant. Spectrosc. Radiat. Transfer"}
@string{jms  ="J. Meteor. Soc. Japan"}
@string{jpo  ="J. Phys. Oceanogr."}
@string{qj   ="Quart. J. Roy. Meteor. Soc."}
@string{lncs ="Lect. Notes Computer Sci."}
@string{ma   ="Meteorol. Applications"}
@string{map  ="Meteorol. Atmos. Phys."}
@string{mwr  ="Mon. Weather Rev."}
@string{nhess="Nat. Hazards Earth Syst. Sci."}
@string{oai  ="Ocean-Air Interactions"}
@string{rgsp ="Rev. Geophys. Space Phys."}
@string{tac  ="Theor. Appl. Climatol."}
@string{wf   ="Wea. Forecasting"}
@string{wrr  ="Water Resource Research"}

@article{Barth2007,
author={M. C. Barth and S.-W. Kim and W. C. Skamarock and A. L. Stuart and K. E. Pickering and L. E. Ott},
title={{Simulations of the redistribution of formaldehyde, formic acid, and peroxides in the 10 July 1996 Stratospheric-Tropospheric Experiment: Radiation, Aerosols, and Ozone deep convection storm}},
journal=jgr,volume={112},pages={D13310, doi:10.1029/2006JD008046},year={2007}}
@article{Barthe2005,
         author = {C. Barthe and G. Molini\'e and J.-P. Pinty},
         title = {{Description and first results of an explicit electrical
         scheme in a 3D cloud resolving model}},
         journal = ar,
         year = {2005},
         volume = 76,
         pages = {95--113}
         }
@article{DeCaria2000,
         author = {A. J. DeCaria and K. E. Pickering and G. L. Stenchikov. et al.},
         title = {{A cloud-scale model study of lightning-generated $\rm NO_x$ in an individual
thunderstorm during STERAO-A}},
         journal = jgr,
         year = {2000},
         volume = 105 ,
         pages = {11601--11616}
         }
@article{DeCaria2005,
         author = {A. J. DeCaria and K. E. Pickering and G. L. Stenchikov and L. E. Ott},
         title = {{Lightning-generated $\rm NO_x$ and its impact on tropospheric ozone production: A
three-dimensional modeling study of a Stratosphere-Troposphere Experiment:
Radiation, Aerosols and Ozone (STERAO-A) thunderstorm}},
         journal = jgr,
         year = {2005},
         volume = 110,
         pages = {D14303}
         }
@article{Fehr2004,
         author = {T. Fehr and H. Holler and H. Huntrieser},
         title = {{Model study on production and transport of
         lightning-produced $\rm NO_x$ in a EULINOX supercell storm}},
         journal = jgr,
         year = {2004},
         volume = 109,
         pages = {D09102}
         }
@article{Goldenbaum1993,
         author = {G. C. Goldenbaum and R. R. Dickerson},
         title = {Nitric oxide production by lightning discharges},
         journal = jgr,
         year = {1993},
         volume = 98,
         pages = {18333--18338}
         }
@article{Labrador2005,
         author = {L. J. Labrador and R. von Kuhlmann and M. G. Lawrence},
         title = {{The effects of lightning-produced $\rm NO_x$ and
         its vertical distribution on atmospheric chemistry:
         Sensitivity simulations with MATCH-MPIC}},
         journal = acp,
         year = {2005},
         volume = 5,
         pages = {1815--1834}
         }
@article{Leriche2013,
         author = {M. Leriche and J.-P. Pinty and C. Mari and D. Gazen},
         title = {{A cloud chemistry module for the 3-D cloud-resolving
	 mesoscale model Meso-NH with application to idealized cases}},
         journal = {Geosci. Model Dev.},
         year = {2013},
         volume = {},
         pages = {in discussion}
         }
@article{Liu2001,
         author = {H. Liu and D. J. Jacob and I. Bey and R. M. Yantosca},
         title = {Constraints from $^{210}Pb$ and $^7Be$ on wet deposition
                 and transport in a global three-dimensional chemical tracer
                 model driven by assimilated meteorological fields},
         journal = jgr,
         year = {2001},
         volume = 106,
         pages = {12109--12128}
         }
@article{Long2010,
         author = {Y. Long and N. Chaumerliac and L. Deguillaume and M. Leriche and F. Champeau},
         title = {Effect of mixed phase cloud on the chemical budget of trace gases: a modeling approach},
         journal = {Atmos. Res.},
         year = {2010},
         volume = 97,
         pages = {540--554}
         }
@book{MacGorman1998,
         author = {D. R. MacGorman and W. D. Rust},
         title = {The electrical nature of storms},
         publisher = {Oxford},
         year = {1998},
         edition = {}, 
         pages = {422} 
         }
@article{Mari2000,
         author = {C. Mari and D. J. Jacob and P. Bechtold},
         title = {Transport and scavenging of soluble gases in a deep convective cloud},
         journal = jgr,
         year = {2000},
         volume = 105,
         pages = {22255--22267}
         }
@article{Mari2006,
         author = {C. Mari and J.-P Chaboureau and J.-P. Pinty and J. Duron and
                   P. Mascart and J.-P. Cammas and
                   F. Gheusi and T. Fehr and H. Schlager and A. Roiger and 
                   M. Lichtenstein and P. Stock},
         title = {{Regional lightning NOx sources during the 
                  TROCCINOX experiment}},
         journal = acp,
         year = {2006},
         volume = 6,
         pages = {5559--5572}
         }
@article{Price1992,
         author = {C. Price and D. Rind},
         title = {A simple lightning parameterization for
         calculating global lightning distributions },
         journal = jgr,
         year = {1992},
         volume = 97,
         pages = {9919--9933}
         }
@article{Price1993,
         author = {C. Price and D. Rind},
         title = {What determines the cloud-to-ground lightning
fraction in thunderstorms?},
         journal = grl,
         year = {1993},
         volume = 20,
         pages = {463--466}
         }
@article{Price1994,
         author = {C. Price and D. Rind},
         title = {{Modeling global lightning distributions in a
         General Circulation Model}},
         journal = mwr,
         year = {1994},
         volume = 122,
         pages = {1930--1939}
         }
@article{Price1997,
         author = {C. Price and J. Penner and M. Prather},
         title = {{$\rm NO_x$ from lightning, Part I:
         Global distribution based on lightning physics}},
         journal = jgr,
         year = {1997},
         volume = 102,
         pages = {5929--5941}
         }
@article{Reynolds1957,
         author = {S. E Reynolds and M. Brooks and M. F. Gourley},
         title = {Thunderstorm charge separation},
         journal = {J. Meteor.},
         year = {1957},
         volume = 14,
         pages = {426--436}
         }
@article{Ridley2005,
         author = {B. A. Ridley and K. E. Pickering and J. E. Dye},
         title = {{Comments on the parameterization
of lightning-produced NO in global chemistry-transport models}},
         journal = ae,
         year = {2005},
         volume = 39,
         pages = {6184--6187}
         }
@article{Rust1996,
         author = {W.D. Rust and T. C. Marshall},
         title = {On abandoning the thunderstorm tripole-charge paradigm },
         journal = jgr,
         year = {1996},
         volume = 101,
         pages = {23499--23500}
         }
@article{Rust2002,
         author = {W. D. Rust and D. R. MacGorman},
         title = {{Possibly inverted-polarity electrical structures in thunderstorms during STEPS}},
         journal = grl,
         year = {2002},
         volume = 29,
         pages = {doi:10.1029/2001GL014303}
         }
@article{Saunders1992,
         author = {C. P. R. Saunders},
         title = {A review of thunderstorm electrification processes},
         journal = jam,
         year = {1992},
         volume = 32,
         pages = {642--655}
         }
@conference{Schwartz1986,
         author ={S. E. Schwartz},
         title ={{Mass-transport considerations pertinent to aqueous phase reactions of gases in liquid water clouds}},
         booktitle = {Chemistry of Multiphase Atmospheric Systems, NATO ASI Series, G6},
         editor = {W. Jaeschke}, 
         pages = {415--471},
         publisher = {Spinger-Verlag, The Netherlands},
         year={1986}}
@article{Stolzenburg2002,
         author = {M. Stolzenburg and T. C. Marshall and W. D. Rust 
                   and D. L Bartels},
         title = {Two simultaneous charge structures in thunderstorm convection},
         journal = jgr,
         year = {2002},
         volume = 107,
         pages = {doi:10.1029/2001JD000904}
         }
@article{Takahashi1978,
         author = {T. Takahashi},
         title = {Riming electrification as a charge generation mechanism 
                  in thunderstorms},
         journal = jas,
         year = {1978},
         volume = 35,
         pages = {1536--1548}
         }
@article{Yin2002,
         author = {Y. Yin and K. S. Carslaw and D. J. Parker},
         title = {Redistribution of trace gases by convective clouds mixed-phase processes},
         journal = {Atmos. Chem. Phys.},
         year = {2002},
         volume = 2,
         pages = {293--306}
         }
