@string{aa   ="Astron. Astrophys."}
@string{acp  ="Atmos. Chem. Phys."}
@string{adgeo="Adv. Geosciences"}
@string{adr  ="Adv. Space Res."}
@string{ae   ="Atmos. Environ."}
@string{afm  ="Agric. For. Meteorol."}
@string{ag   ="Ann. Geophys."}
@string{ajp  ="Aust. J. Phys."}
@string{ao   ="Appl. Opt."}
@string{ar   ="Atmos. Res."}
@string{asr  ="Adv. Space Res. Vol."}
@string{ast  ="Aerospace Sci. Tech."}
@string{bams ="Bull. Amer. Meteo. Soc."}
@string{blm  ="Bound.-Layer. Meteor."}
@string{bpa  ="Beitr. Phys. Atmos."}
@string{cc   ="Clim. Change"}
@string{cd   ="Climate Dyn."}
@string{cras ="C. R. Acad. Sci."}
@string{crte ="C. R. Geoscience"}
@string{gafd ="Geophys. Astrophys. Fluid Dyn."}
@string{grl  ="Geophys. Res. Lett."}
@string{hb   ="Houille Blanche - Revue internationale de l eau"}
@string{iamap="IAHS proceedings"}
@string{tgars ="IEEE Trans. Geosci. Remote Sensing"}
@string{ijc  ="Int. J. Climatol."}
@string{ijrs ="Int. J. Remote Sensing"}
@string{jam  ="J. Appl. Meteorol."}
@string{jamc ="J. Appl. Meteorol. Clim."}
@string{jaot ="J. Atmos. Ocean. Tech."}
@string{jas  ="J. Atmos. Sci."}
@string{jar  ="J. Atmos. Res."}
@string{jc   ="J. Climate"}
@string{jcam ="J. Climate. Appl. Meteorol."}
@string{jf   ="J. Forecasting"}
@string{jgr  ="J. Geophys. Res."}
@string{jh   ="J. Hydrol."}
@string{jhm  ="J. Hydrometeor."}
@string{jqsrt="J. Quant. Spectrosc. Radiat. Transfer"}
@string{jms  ="J. Meteor. Soc. Japan"}
@string{jpo  ="J. Phys. Oceanogr."}
@string{qj   ="Quart. J. Roy. Meteor. Soc."}
@string{lncs ="Lect. Notes Computer Sci."}
@string{ma   ="Meteorol. Applications"}
@string{map  ="Meteorol. Atmos. Phys."}
@string{mwr  ="Mon. Weather Rev."}
@string{nhess="Nat. Hazards Earth Syst. Sci."}
@string{oai  ="Ocean-Air Interactions"}
@string{rgsp ="Rev. Geophys. Space Phys."}
@string{tac  ="Theor. Appl. Climatol."}
@string{wf   ="Wea. Forecasting"}
@string{wrr  ="Water Resource Research"}

@article{Ackermann1998,
         author = {I. Ackermann and H.~Hass and M.~Memmesheimer and A.~Ebel 
                   and F.~Binkowski and U.~Shankar},
         title = {{Modal aerosol dynamics model for Europe : development and 
                 first applications}},
         journal = ae,
         year = {1998},
         volume = 32,
         pages = {2981--2999}
         }
@article{Baldocchi1987,
         author = {D. D. Baldocchi and B. B. Hicks and P. Camara},
         title = {A canopy stomatal resistance model
         for gaseous deposition to vegetated surfaces },
         journal = ae,
         year = {1987},
         volume = 21,
         pages = {91--101}
         }
@article{Binkowski2003,
         author = {F. Binkowski and S.~Roselle},
         title = {{Models-3 community multiscale air quality (CMAQ)
  model aerosol component. 1. Model description}},
         journal = {J. Geophys. Res.},
         year = {2003},
         volume = 108,
         pages = {D6}
         }

@article{Binkowski1995,
         author = {F. Binkowski and Shankar},
         title = {{The regional particulate model 1. Model
  description and preliminary results}},
         journal = jgr,
         year = {1995},
         volume = 209,
         pages = {191--226}
         }

@article{Evans1998,
         author = {K. Evans},
         title = {The spherical harmonic discrete ordinate method for
         three-dimensional atmospheric radiative transfer},
         journal = jas,
         year = {1998},
         volume = 55,
         pages = {429--446}
         }
@book{Friedlander1977,
         author = {S. Friedlander},
         title = {Smoke, dust, and haze, fundamentals of aerosols dynamics},
         publisher = {Oxford University Press},
         year = {1977},
         edition = {2},
         pages = {}
         }
@book{Fuchs1964,
         author = {N. Fuchs},
         title = {The mechanism of aerosols},
         publisher = {Pergamon Press Oxford},
         year = {1964},
         edition = {} ,
         pages = {}
         }
@article{Griffin2002,
         author = {R. Griffin and D.~Dabdub and J.~Seinfeld},
         title = {{Secondary organic aerosol. 1.
     Atmospheric chemical mechanism for production of molecular constituents}},
         journal = jgr,
         year = {2002},
         volume = 107,
         pages = {doi:10.1029/2001JD000}
         }
@article{Griffin2005,
         author = {R. Griffin and D.~Dabdub and J.~Seinfeld},
         title = {Development and initial evaluation of
  a dynamic species-resolved model for gas-phase chemistry and suze-resolved
  gas/particle partitioning associated with secondary organic aerosol
  formation},
         journal = jgr,
         year = {2005},
         volume = {} ,
         pages = {}
         }
@article{Jacob2000,
         author = {D. J Jacob},
         title = {Heterogenous chemistry and tropospheric ozone},
         journal = ae,
         year = {2000},
         volume = 34,
         pages = {2131--2159}
         }
@article{Kondo1986,
         author = {J. Kondo and H. Yamazawa},
         title = {Measurement of snow surface emissivity},
         journal = blm,
         year = {1986},
         volume = 34,
         pages = {415--416}
         }
@article{Kulmala1998,
         author = {M. A. Kulmala and A.~Laaksonen and L.~Pirjola},
         title = {Parametrization for sulfuric acid /
         water nucleation rates},
         journal = jgr,
         year = {1998},
         volume = 103,
         pages = {8301--8307}
         }

@article{Lee1984,
         author = {K. Lee and H.~Chen and J.~Gieseke},
         title = {{Log-normally preserving size distribution for
         Brownian coagulation in the free-molecule regime}},
         journal = {Aerosol Sci. Technol.},
         year = {1984},
         volume = 3,
         pages = {}
         }

@article{Myhre2003,
         author = {G. Myhre and A.~Grini and J.~Haywood and F.~Stordal and 
                   B.~Chatenet and D.~Tanr\'e and J.~Sundet and I.~Isaksen},
         title = {{Modeling the radiative impact of mineral dust during the
         Saharan dust experiment (SHADE) campaign}},
         journal = jgr,
         year = {2003},
         volume = 108,
         pages = {8579}
         }

@article{Nenes1998,
         author = {A. Nenes and C.~Pilinis and S.~Pandis},
         title = {A new thermodynamic model
         for inorganic multicomponent atmospheric aerosols},
         journal = {Aquatic Geochemistry},
         year = {1998},
         volume = 4,
         pages = {123-152}
         }

@article{Pratsini1988,
         author = {S.E. Pratsini},
         title = {Simultaneous aerosol nucleation, codensation, and coagulation
  in aerosol reactors},
         journal = {J. Colloid Interface Sci.},
         year = {1988},
         volume = 124,
         pages = {416--417}
         }

@article{Philips1975,
         author = {W. Philips},
         title = {Drag on small sphere moving throught a gas},
         journal = {Phys. Fluids},
         year = {1975},
         volume = 18,
         pages = {1089--1093}
         }

@article{Pun2002,
         author = {B. Pun and R.~Griffin and C.~Seigneur and J.~Seinfeld},
         title = {{Secondary organic aerosol. 2. Thermodynamic model for gas/partitioning of molecular constituents}},
         journal = jgr,
         year = {2002},
         volume = 107,
         pages = {doi:10.1029/2001JD000}
         }

@article{Ravi1997,
         author = {A. Ravishankara},
         title = {Heterogeneous and multiphase chemistry in the troposphere},
         journal = {Science},
         year = {1997},
         volume = {},
         pages = {1058--1065}
         }
@article{Saxena1986,
         author = {P. Saxena and A.~Hudischewskyj and C.~Seigneur and J.~Seinfeld},
         title = {A comparative study
  of equilibrium approaches to the chemical characterization of secondary
  aerosols},
         journal = ae,
         year = {1986},
         volume = 20,
         pages = {1471--1483}
         }

@book{Seinfeld1997,
         author = {J. Seinfeld and S.~Pandis},
         title = {Atmospheric Chemistry and Physics},
         publisher = {Wiley interscience pub},
         year = {1997},
         edition ={} ,
         pages = {}
         }

@article{Tulet2005,
         author = {P. Tulet and V.~Crassier and F.~Cousin and K.~Suhre and R.~Rosset},
         title = {{ORILAM}, a three
  moment lognormal aerosol scheme for mesoscale atmospheric model. on-line
  coupling into the {Meso-NH-C} model and validation on the {Escompte}
  campaign},
         journal = jgr,
         year = {2005},
         volume = 108,
         pages = {D18201}
         }
@article{vanPul1994,
         author = {W. A. J. van Pul and A. F. G. Jacobs},
         title = {The conductance of a maize crop and the underlying soil
         to ozone under various environmental conditions},
         journal = blm,
         year = {1994},
         volume = 69,
         pages = {83--99}
         }
@article{Walmsley1996,
         author = {W. Walmsley and M. L. Wesely},
         title = {Modification of coded parameterizations of surface
         resistances to gaseous dry deposition},
         journal = ae,
         year = {1996},
         volume = 30,
         pages = {1181--1188}
         }
@article{Wesely1989,
         author = {M. L. Wesely},
         title = {Parameterization of surface resistances to gaseous dry 
                  deposition in regional-scale numerical models},
         journal = ae,
         year = {1989},
         volume = 23,
         pages = {1293--1304}
         }
@article{Wilemski1984,
         author = {G. Wilemski},
         title = {Composition of the critical nucleus in multicomponent vapor
         nucleation},
         journal = {J. Chem. Phys.},
         year = {1984},
         volume = 80,
         pages = {1370--1372}
         }
@article{Whitby1991,
         author = {E. Whitby and P.~McMurry and U.~Shankar and F.~Binkowski},
         title = {Modal aerosol dynamics modeling},
         journal = {Atm. Res. and Exposure Asses. Lab., U.S. Environ. Prot.
  Agency},
         year = {1991},
         volume = {} ,
         pages = {}
         }
@article{Zender2004,
         author = {C. Zender and R.~Miller and I.~Tegen},
         title = {{Quantifying mineral dust mass budgets:
         Terminology, constraints, and current estimate}},
         journal = {Eos Trans},
         year = {2004},
         volume = 85,
         pages = {509--512}
         }
