@string{aa   ="Astron. Astrophys."}
@string{acp  ="Atmos. Chem. Phys."}
@string{adgeo="Adv. Geosciences"}
@string{adr  ="Adv. Space Res."}
@string{ae   ="Atmos. Environ."}
@string{afm  ="Agric. For. Meteorol."}
@string{ag   ="Ann. Geophys."}
@string{ajp  ="Aust. J. Phys."}
@string{ao   ="Appl. Opt."}
@string{ar   ="Atmos. Res."}
@string{asr  ="Adv. Space Res. Vol."}
@string{ast  ="Aerospace Sci. Tech."}
@string{bams ="Bull. Amer. Meteo. Soc."}
@string{blm  ="Bound.-Layer. Meteor."}
@string{bpa  ="Beitr. Phys. Atmos."}
@string{cc   ="Clim. Change"}
@string{cd   ="Climate Dyn."}
@string{cras ="C. R. Acad. Sci."}
@string{crte ="C. R. Geoscience"}
@string{gafd ="Geophys. Astrophys. Fluid Dyn."}
@string{grl  ="Geophys. Res. Lett."}
@string{hb   ="Houille Blanche - Revue internationale de l eau"}
@string{iamap="IAHS proceedings"}
@string{tgars ="IEEE Trans. Geosci. Remote Sensing"}
@string{ijc  ="Int. J. Climatol."}
@string{ijrs ="Int. J. Remote Sensing"}
@string{jam  ="J. Appl. Meteorol."}
@string{jamc ="J. Appl. Meteorol. Clim."}
@string{jaot ="J. Atmos. Ocean. Tech."}
@string{jas  ="J. Atmos. Sci."}
@string{jar  ="J. Atmos. Res."}
@string{jc   ="J. Climate"}
@string{jcam ="J. Climate. Appl. Meteorol."}
@string{jf   ="J. Forecasting"}
@string{jgr  ="J. Geophys. Res."}
@string{jh   ="J. Hydrol."}
@string{jhm  ="J. Hydrometeor."}
@string{jqsrt="J. Quant. Spectrosc. Radiat. Transfer"}
@string{jms  ="J. Meteor. Soc. Japan"}
@string{jpo  ="J. Phys. Oceanogr."}
@string{qj   ="Quart. J. Roy. Meteor. Soc."}
@string{lncs ="Lect. Notes Computer Sci."}
@string{ma   ="Meteorol. Applications"}
@string{map  ="Meteorol. Atmos. Phys."}
@string{mwr  ="Mon. Weather Rev."}
@string{nhess="Nat. Hazards Earth Syst. Sci."}
@string{oai  ="Ocean-Air Interactions"}
@string{rgsp ="Rev. Geophys. Space Phys."}
@string{tac  ="Theor. Appl. Climatol."}
@string{wf   ="Wea. Forecasting"}
@string{wrr  ="Water Resource Research"}

@article{Ahmed1974,
author={Ahmed, N. N. and Rao, K. R.},
title={Discrete cosine transform},
journal={IEEE Trans. Comput.},volume={C-23},pages={90--93},year={1974}}

@article{Andsager1999,
author={Andsager, K. and Beard, K. V. and Laird, N. F.},
title={{Laboratory measurements of axis ratios for large raindrops}},
journal=jas,volume={56},pages={2673--2683},year={2016}}

@article{Augros2016,
author={Augros, C. and Caumont, O. Ducrocq, V. and Gaussiat, N. and P. Tabary, P.},
title={{Comparisons between S, C, and X band polarimetric radar observations and convective-scale simulations of HyMeX first special observing period}},
journal=qj,volume={142},pages={347--362},doi={10.1002/qj.2572},year={2016}}

@article{Baran2004,
author={Baran, A. J. and Francis, P. N.},
title={On the radiative properties of cirrus cloud at solar and thermal wavelengths: a test of model consistency using high-resolution airbone radiance measurements},
journal=qj,volume={130},pages={763--778},doi={10.1256/qj.03.151},year={2004}}

@article{Bauer2001,
author={Bauer, P.},
title={Including a melting layer in microwave radiative transfer simulations for clouds},
journal=ar,volume={57},pages={1619--1632},year={2001}}

@article{Bevis1994,
author={Bevis, M. and Businger, S. and Chiswell, S. and Herring, T. and Anthes, R. A. and Rocken, C. and Ware, R. H.},
title={{GPS meteorology: Mapping zenith wet delays onto precipitable water}},
journal=jam,volume={33},pages={379--386},year={1994}}

@article{Bohren1982,
author={Bohren, C. F. and Battan, L. J.},
title={ Radar backscattering of microwaves by spongy ice spheres},
journal=jas,volume={39},pages={2623--2628},year={1982}}

@book{Bohren1983,
author={Bohren, C. F. and Huffman, D. R.},
title={Absorption and scattering of light by small particles},
publisher={John Wiley and Sons},year={1983}}

@article{Bolton1980,
author={Bolton, D.},
title={The computation of equivalent potential temperature},
journal=mwr,volume={108},pages={1046--1053},year={1980}}

@book{Bringi2001,
author={Bringi, V. N. and Chandrasekar, V.},
title={{Polarimetric Doppler weather radar: Principles and applications}},
publisher={Cambridge University Press},pages={636},year={2001}}

@article{Brenot2006,
author={Brenot, H. and Ducrocq, V. and Walpersdorf, A. and Champollion, C. and Caumont, O.},
title={{GPS zenith delay sensitivity evaluated from high-resolution numerical weather prediction simulations of the 8-9th September 2002 flash flood over southeastern France}},
journal=jgr,volume={111},doi={10.1029/2004JD005726},year={2006}}

@article{Caniaux1994,
author={Caniaux, G. and Redelsperger, J.-L. and Lafore, J.-P.},
title={{A numerical study of the stratiform region of a fast-moving squall line. Part I: General description and water and heat budgets}},
journal=jas,volume={13},pages={2046--2074},year={1994}}

@article{Caumont2006,
author={Caumont, O. and Ducrocq, V. and Delrieu, G. and Gosset, M. and Pinty, J.-P. and Parent du Châtelet, J. and Andrieu, H. and Lemaître, Y. and Scialom, G.},
title={A radar simulator for high-resolution nonhydrostatic models},
journal=jaot,volume={23},pages={1049--1067},doi={10.1175/JTECH1905.1},year={2006}}

@article{Caumont2008,
author={Caumont, O. and Ducrocq, V.},
title={What Should Be Considered When Simulating Doppler Velocities Measured By Ground-based Weather Radars?},
journal=jamc,volume={47},pages={2256--2262},doi={10.1175/2008JAMC1894.1},year={2008}}

@article{Chaboureau2000,
author={Chaboureau, J.-P. and Cammas, J.-P. and Mascart, P. and Pinty, J.-P. and Claud, C. and Roca, R. and Morcrette, J.-J.},
title={{Evaluation of a cloud system life-cycle simulated by the Meso-NH model during FASTEX using METEOSAT radiances and TOVS-3I cloud retrievals}},
journal=qj,volume={126},pages={1735--1750},doi={10.1002/qj.49712656609},year={2000}}

@article{Chaboureau2002a,
author={Chaboureau, J.-P. and Cammas, J.-P. and Mascart, P. J. and Pinty, J.-P. and Lafore, J.-P.},
title={Mesoscale model cloud scheme assessment using satellite observations},
journal=jgr,volume={107},pages={4301},doi={10.1029/2001JD000714},year={2002}}

@article{Chaboureau2006,
author={Chaboureau, J.-P. and Pinty, J.-P.},
title={{Validation of a cirrus parameterization with Meteosat Second Generation observations}},
journal=grl,volume={33},pages={L03815},doi={10.1029/2005GL024725},year={2006}}

@article{Chaboureau2011,
author={Chaboureau, J.-P. and Richard, E. and Pinty, J.-P. and Flamant, C. and Di Girolamo, P. and Kiemle, C. and Behrendt, A. and Chepfer, H. and Chiriaco, M. and Wulfmeyer, V.},
title={{Long-range transport of Saharan dust and its radiative impact on precipitation forecast over western Europe: a case study during the Convective and Orographically induced Precipitation Study (COPS)}},
journal=qj,volume={137},pages={236--251},doi={10.1002/qj.719},year={2011}}

@article{Chaboureau2016,
author={Chaboureau, J.-P. and Flamant, C. and Dauhut, T. and Kocha, C. and Lafore, J.-P. and Lavaysse, C. and Marnas, F. and Mokhtari, M. and Pelon, J. and Reinares Martínez, I. and Schepanski, K. and Tulet, P.},
title={{Fennec dust forecast intercomparison over the Sahara in June 2011}},
journal=acp,volume={16},pages={6977--6995},doi={10.5194/acp-16-6977-2016},year={2016}}

@article{Chevallier2001,
author={Chevallier, F. and Bauer, P. and Kelly, G. and Jakob, C. and McNally, T.},
title={{Model clouds over oceans as seen from space: comparison with HIRS/2 and MSU radiances}},
journal=jc,volume={14},pages={4216--4229},doi={10.1175/1520-0442(2001)014%3C4216:MCOOAS%3E2.0.CO;2},year={2001}}

@article{Chuang1990,
author={Chuang, C. and Beard, K. V.},
title={{A numerical model for the equilibrium shape of electrified raindrops}},
journal=jas,volume={47},pages={1374--1389},year={1990}}

@book{Collis1976,
author={Collis, R. T. and Russell, P. B.},
title={Laser monitoring of the atmosphere},
publisher={Springer-Verlag},year={1976}}

@article{Couvreux2010a,
author={Couvreux, F. and Hourdin, F. and Rio, C.},
title={{Resolved versus parametrized boundary-layer plumes. Part I: a parametrization-oriented conditional sampling in large-eddy simulations}},
journal=blm,volume={134},pages={441--458},doi={10.1007/s10546-009-9456-5},year={2010}}

@article{Dauhut2016,
author={Dauhut, T. and Chaboureau, J.-P. and Escobar, J. and Mascart, P.},
title={{Giga-LES of Hector the Convector and its two tallest updrafts up to the stratosphere}},
journal=jas,volume={73},pages={5041--5060},doi={10.1175/JAS-D-16-0083.1},year={2016}}

@article{Denis2002,
author={Denis, B. and C\^{o}t\'{e}, J. and Laprise, R.},
title={{Spectral decomposition of two-dimensional atmospheric fields on limited-area domains using the discrete cosine transform (DCT)}},
journal=mwr,volume={130},pages={1812--1829},year={2002}}

@book{Doviak1993,
author={Doviak, R. J. and Zrni\'c, D. S.},
title={Doppler Radar and Weather Observations},
publisher={2nd Ed. Academic Press, Cambridge University Press},pages={562},year={1993}}

@article{Dubovik2006,
author={Dubovik, O. and Sinyuk, A. and Lapyonok, T. and Holben, B. N. and Mishchenko, M. and P. Yang, P. and Eck, T. F. and Volten, H. and Mu\~noz, O. and Veihelmann, B. and van der Zande, W. J. and Leon, J.-F. and Sorokin, M. and Slutsker, I.},
title={{Application of spheroid models to account for aerosol particle nonsphericity in remote sensing of desert dust}},
journal=jgr,volume={111},number={D11208},doi={10.1029/2005JD006619},year={2006}}

@book{Emanuel1994,
author={Emanuel, K. A.},
title={Atmospheric convection},
publisher={Oxford University Press},year={1994}}

@article{Ferrier1994,
author={Ferrier, B. S.},
title={{A double-moment multiple-phase four-class bulk ice scheme. Part I: Description}},
journal=jas,volume={51},pages={249--280},year={1994}}

@article{Foote1969,
author={Foote, G. B. and Du Toit, P. S.},
title={Terminal velocity of raindrops aloft},
journal=jam,volume={8},pages={249--253},year={1969}}

@article{Gorgucci2002,
author={Gorgucci, E. and Chandrasekar, V. and Bringi, V. N. and Scarchilli, G.},
title={Estimation of raindrop size distribution parameters from polarimetric radar measurements},
journal=jas,volume={59},pages={2373--2384},year={2002}}

@article{Hill1980,
author={Hill, R. J. and Clifford, S. F. and Lawrence, R. S.},
title={Refractive index and absorption fluctuations in the infrared caused by temperature, humidity, and pressure-fluctuations},
journal={J. Opt. Soc. Am.},volume={70},pages={1192--1205},year={1980}}

@article{Hu1993,
author={Hu, Y. X. and Stamnes, K.},
title={An accurate parameterization of the radiative properties of water clouds suitable for use in climate models},
journal=jc,volume={6},pages={728--742},year={1993}}

@article{Hufford1991,
author={Hufford, G.},
title={{A model for the complex permittivity of ice at frequencies below 1 THz}},
journal={Intnl. J. Infrared and Millimetre Waves},volume={12},pages={677--681},year={1991}}

@article{Jameson1983,
author={Jameson, A. R.},
title={{Microphysical interpretation of multi-parameter radar measurements in rain. Part I: Interpretation of polarization measurements and estimation of raindrop shapes}},
journal=jas,volume={40},pages={1792--1802},year={1983}}

@article{Jameson1985,
author={Jameson, A. R.},
title={{Microphysical interpretation of multi-parameter radar measurements in rain. Part III: Interpretation and measurement of propagation differential phase shift between orthogonal linear polarizations}},
journal=jas,volume={42},pages={607--614},year={1985}}

@book{Kerker1969,
author={Kerker, M.},
title={The Scattering of Light and other Electromagnetic Radiation},
publisher={Academic Press, Inc., New York, New York},pages={666},year={1969}}

@article{Koshyk1999,
author={Koshyk, J. N. and Hamilton, K. and J. D. Mahlman, J. D.},
title={{Simulation of k$^{-5/3}$ mesoscale spectral regime in the GFDL SKYHI general circulation model}},
journal=grl,volume={26},pages={843--846},year={1999}}

@article{Kunkel1984,
author={Kunkel, B. A.},
title={Parameterization of droplet terminal velocity and extinction coefficient in fog models},
journal=jam,volume={23},pages={34--41},year={1984}}

@article{Liebe1991,
author={Liebe, H. J. and Hufford, G. A. and Manabe, T.},
title={{A model for the complex permittivity of water at frequencies below 1 THz}},
journal={Intnl. J. Infrared and Millimetre Waves},volume={12},pages={659--674},year={1991}}

@article{Lindborg1999,
author={Lindborg, E.},
title={Can the atmospheric kinetic energy spectrum be explained by two-dimensional turbulence?},
journal={J. Fluid. Mech.},volume={388},pages={259--288},year={1999}}

@article{Masson2003,
author={Masson, V. and Champeaux, J.-L. and Chauvin, C. and Meriguet, C. and Lacaze, R.},
title={A global database of land surface parameters at 1 km resolution for use in meteorological and climate models},
journal=jc,volume={16},pages={1261--1282},doi={10.1175/1520-0442-16.9.1261},year={2003}}

@techreport{McClatchey1972,
author={McClatchey, R. A. and Fenn, R. W. and Selby, J. E. A. and Volz, F. E. and Garing, J. S.},
title={Optical properties of the atmosphere},
institution={Air Force Cambridge Research Laboratories},number={AFCRL-72-0497},pages={108},year={1972}}

@article{McFarquhar2003,
author={McFarquhar, G. M. and Iacobellis, S. and Somerville, R. C. J.},
title={{SCM simulations of tropical ice clouds using observationnaly based parameterizations of microphysics}},
journal=jc,volume={16},pages={1643--1664},year={2003}}

@article{Mishchenko1998,
author={Mishchenko, M. I. and Travis, L. D.},
title={{Capabilities and limitations of a current FORTRAN implementation of the T-matrix method for randomly oriented, rotationally symmetric scatterers}},
journal=jqsrt,volume={60},pages={309--324},year={1998}}

@book{Mishchenko2002,
author={Mishchenko, M. I. and Travis, L. D. and Lacis, A. A.},
title={Scattering, Absorption, and Emission of Light by Small Particles},
publisher={Cambridge University Press},pages={445},year={2002}}

@article{Morcrette1991,
author={Morcrette, J.-J.},
title={Evaluation of model-generated cloudiness: satellite-observed and model-generated diurnal variability of brightness temperature},
journal=mwr,volume={119},pages={1205--1224},doi={10.1175/1520-0493(1991)119%3C1205:EOMGCS%3E2.0.CO;2},year={1991}}

@article{Nastrom1985,
author={Nastrom, G. D. and Gage, K. S.},
title={A climatology of atmospheric wavenumber spectra of wind and temperature observed by commercial aircraft},
journal=jas,volume={42},pages={950--960},year={1985}}

@article{Platt1973,
author={Platt, C. M. R.},
title={Lidar and radiometric observations of cirrus clouds},
journal=jas,volume={30},pages={1191--1204},year={1973}}

@book{Press1992,
author={Press, W. H. and Teukolsky, S. A. and Vetterling, W. T. and Flannery, B. P.},
title={{Numerical Recipes in FORTRAN: The Art of Scientific Computing}},
publisher={2nd Ed. Cambridge University Press},pages={963},year={1992}}

@article{Probert-Jones1962,
author={Probert-Jones, J. R.},
title={The radar equation in meteorology},
journal=qj,volume={88},pages={485--495},year={1962}}

@article{Pruppacher1970,
author={Pruppacher, H. R. and Beard, K. V.},
title={A wind tunnel investigation of the internal circulation and shape of water drops falling at terminal velocity in air},
journal=qj,volume={96},pages={247--256},year={1970}}

@article{Rasmussen1984,
author={Rasmussen, R. M. and Levizzani, V. and Pruppacher, H. R.},
title={{A wind tunnel and theoretical study on the melting behavior of atmospheric ice particles. III: Experiment and theory for spherical ice particles of radius $>500$ $\mu$m}},
journal=jas,volume={41},pages={381--388},year={1984}}

@article{Ricard2013,
author={Ricard, D. and Lac, C. and Riette, S. and Legrand,R. and Mary, A.},
title={{Kinetic energy spectra characteristics of two convection-permitting limited-area models AROME and Meso-NH}},
journal=qj,volume={139},pages={1327--1341},doi={10.1002/qj.2025},year={2013}}

@article{Richard2003a,
author={Richard, E. and Cosma, S. and Tabary, P. and Pinty, J.-P. and Hagen, M.},
title={{High-resolution numerical simulations of the convective system observed in the Lago Maggiore area on 17 September 1999 (MAP IOP 2a)}},
journal=qj,volume={129},pages={543--563},doi={10.1256/qj.02.50},year={2003}}

@techreport{Saunders2005,
author={Saunders, R. and Matricardi, M. and Brunel, P. and English, S. and Bauer, P. and O'Keeffe, U. and Francis, P. and Rayer, P.},
title={{RTTOV-8 Science and validation report}},
institution={NWP SAF Rep.},pages={41},year={2005}}

@article{Seliga1976,
author={Seliga, T. A. and Bringi, V. N.},
title={Potential use of radar differential reflectivity measurements at orthogonal polarizations for measuring precipitation},
journal=jam,volume={15},pages={69--76},year={1976}}

@article{Skamarock2004,
author={Skamarock, W. C.},
title={{Evaluating NWP models using kinetic energy spectra}},
journal=mwr,volume={132},pages={3019--3032},year={2004}}

@article{Smith1984,
author={Smith, P. L.},
title={Equivalent radar reflectivity factors for snow and ice particles},
journal=jcam,volume={23},pages={1258--1260},year={1984}}

@article{Tulet2008,
author={Tulet, P. and Mallet, M. and Pont, V. and Pelon, J. and Boone, A.},
title={{The 7-13 March 2006 dust storm over West Africa: Generation, transport, and vertical stratification}},
journal=jgr,volume={113},pages={D00C08},doi={10.1029/2008JD009871},year={2008}}

@book{vandeHulst1981,
author={van de Hulst, H. C.},
title={Light Scattering by Small Particles},
publisher={Dover, New York},pages={470},year={1981}}

@article{Walko1995,
author={Walko, R. L. and Cotton, W. R. and Meyers, M. P. and J. Y. Harrington, J. Y.},
title={{New RAMS cloud microphysics parameterization. Part I: The single-moment scheme}},
journal=ar,volume={38},pages={29--62},year={1995}}
