@article{lac_overview_2018,
	title = {Overview of the {Meso}-{NH} model version 5.4 and its applications},
	volume = {11},
	issn = {1991-9603},
	url = {https://www.geosci-model-dev.net/11/1929/2018/},
	doi = {10.5194/gmd-11-1929-2018},
	language = {en},
	number = {5},
	urldate = {2018-08-06},
	journal = {Geoscientific Model Development},
	author = {Lac, Christine and Chaboureau, Jean-Pierre and Masson, Valéry and Pinty, Jean-Pierre and Tulet, Pierre and Escobar, Juan and Leriche, Maud and Barthe, Christelle and Aouizerats, Benjamin and Augros, Clotilde and Aumond, Pierre and Auguste, Franck and Bechtold, Peter and Berthet, Sarah and Bielli, Soline and Bosseur, Frédéric and Caumont, Olivier and Cohard, Jean-Martial and Colin, Jeanne and Couvreux, Fleur and Cuxart, Joan and Delautier, Gaëlle and Dauhut, Thibaut and Ducrocq, Véronique and Filippi, Jean-Baptiste and Gazen, Didier and Geoffroy, Olivier and Gheusi, François and Honnert, Rachel and Lafore, Jean-Philippe and Lebeaupin Brossier, Cindy and Libois, Quentin and Lunet, Thibaut and Mari, Céline and Maric, Tomislav and Mascart, Patrick and Mogé, Maxime and Molinié, Gilles and Nuissier, Olivier and Pantillon, Florian and Peyrillé, Philippe and Pergaud, Julien and Perraud, Emilie and Pianezze, Joris and Redelsperger, Jean-Luc and Ricard, Didier and Richard, Evelyne and Riette, Sébastien and Rodier, Quentin and Schoetter, Robert and Seyfried, Léo and Stein, Joël and Suhre, Karsten and Taufour, Marie and Thouron, Odile and Turner, Sandra and Verrelle, Antoine and Vié, Benoît and Visentin, Florian and Vionnet, Vincent and Wautelet, Philippe},
	month = may,
	year = {2018},
	pages = {1929--1969},
}